,InvoiceNo,StockCode,Description,Quantity,InvoiceDate,UnitPrice,CustomerID,Country,week,month,revenue,lag_week,lag_q,lag_unit_price
383100,536365,85123A,WHITE HANGING HEART T-LIGHT HOLDER,6,12/1/2010 8:26,2.55,17850.0,United Kingdom,48,12,15.299999999999999,,,
383111,536373,85123A,WHITE HANGING HEART T-LIGHT HOLDER,6,12/1/2010 9:02,2.55,17850.0,United Kingdom,48,12,15.299999999999999,48.0,6.0,2.55
383127,536375,85123A,WHITE HANGING HEART T-LIGHT HOLDER,6,12/1/2010 9:32,2.55,17850.0,United Kingdom,48,12,15.299999999999999,48.0,6.0,2.55
350223,536390,85123A,WHITE HANGING HEART T-LIGHT HOLDER,64,12/1/2010 10:19,2.55,17511.0,United Kingdom,48,12,163.2,48.0,6.0,2.55
73143,536394,85123A,WHITE HANGING HEART T-LIGHT HOLDER,32,12/1/2010 10:39,2.55,13408.0,United Kingdom,48,12,81.6,48.0,64.0,2.55
383145,536396,85123A,WHITE HANGING HEART T-LIGHT HOLDER,6,12/1/2010 10:51,2.55,17850.0,United Kingdom,48,12,15.299999999999999,48.0,32.0,2.55
248630,536401,85123A,WHITE HANGING HEART T-LIGHT HOLDER,4,12/1/2010 11:21,2.95,15862.0,United Kingdom,48,12,11.8,48.0,6.0,2.55
383165,536406,85123A,WHITE HANGING HEART T-LIGHT HOLDER,8,12/1/2010 11:33,2.55,17850.0,United Kingdom,48,12,20.4,48.0,4.0,2.95
288264,536502,85123A,WHITE HANGING HEART T-LIGHT HOLDER,6,12/1/2010 12:36,2.95,16552.0,United Kingdom,48,12,17.700000000000003,48.0,8.0,2.55
169273,536520,85123A,WHITE HANGING HEART T-LIGHT HOLDER,3,12/1/2010 12:43,2.95,14729.0,United Kingdom,48,12,8.850000000000001,48.0,6.0,2.95
282575,536542,85123A,WHITE HANGING HEART T-LIGHT HOLDER,32,12/1/2010 14:11,2.95,16456.0,United Kingdom,48,12,94.4,48.0,3.0,2.95
407166,536544,85123A,WHITE HANGING HEART T-LIGHT HOLDER,4,12/1/2010 14:32,5.91,,United Kingdom,48,12,23.64,48.0,32.0,2.95
94255,536575,85123A,WHITE HANGING HEART T-LIGHT HOLDER,128,12/1/2010 16:01,2.55,13777.0,United Kingdom,48,12,326.4,48.0,4.0,5.91
94267,536576,85123A,WHITE HANGING HEART T-LIGHT HOLDER,128,12/1/2010 16:11,2.55,13777.0,United Kingdom,48,12,326.4,48.0,128.0,2.55
50061,536590,85123A,WHITE HANGING HEART T-LIGHT HOLDER,6,12/1/2010 16:52,2.95,13065.0,United Kingdom,48,12,17.700000000000003,48.0,128.0,2.55
407908,536592,85123A,WHITE HANGING HEART T-LIGHT HOLDER,9,12/1/2010 17:06,5.91,,United Kingdom,48,12,53.19,48.0,6.0,2.95
207279,536594,85123A,WHITE HANGING HEART T-LIGHT HOLDER,6,12/1/2010 17:22,2.95,15235.0,United Kingdom,48,12,17.700000000000003,48.0,9.0,5.91
383184,536600,85123A,WHITE HANGING HEART T-LIGHT HOLDER,6,12/2/2010 8:32,2.55,17850.0,United Kingdom,48,12,15.299999999999999,48.0,6.0,2.95
383208,536602,85123A,WHITE HANGING HEART T-LIGHT HOLDER,6,12/2/2010 8:34,2.55,17850.0,United Kingdom,48,12,15.299999999999999,48.0,6.0,2.55
367145,536607,85123A,WHITE HANGING HEART T-LIGHT HOLDER,6,12/2/2010 9:29,2.95,17732.0,United Kingdom,48,12,17.700000000000003,48.0,6.0,2.55
383212,536609,85123A,WHITE HANGING HEART T-LIGHT HOLDER,6,12/2/2010 9:41,2.55,17850.0,United Kingdom,48,12,15.299999999999999,48.0,6.0,2.95
383230,536612,85123A,WHITE HANGING HEART T-LIGHT HOLDER,6,12/2/2010 9:44,2.55,17850.0,United Kingdom,48,12,15.299999999999999,48.0,6.0,2.55
383247,536628,85123A,WHITE HANGING HEART T-LIGHT HOLDER,6,12/2/2010 10:54,2.55,17850.0,United Kingdom,48,12,15.299999999999999,48.0,6.0,2.55
383265,536630,85123A,WHITE HANGING HEART T-LIGHT HOLDER,6,12/2/2010 10:56,2.55,17850.0,United Kingdom,48,12,15.299999999999999,48.0,6.0,2.55
383287,536685,85123A,WHITE HANGING HEART T-LIGHT HOLDER,12,12/2/2010 12:23,2.55,17850.0,United Kingdom,48,12,30.599999999999998,48.0,6.0,2.55
383302,536690,85123A,WHITE HANGING HEART T-LIGHT HOLDER,6,12/2/2010 12:25,2.55,17850.0,United Kingdom,48,12,15.299999999999999,48.0,12.0,2.55
390553,536749,85123A,WHITE HANGING HEART T-LIGHT HOLDER,1,12/2/2010 13:49,2.95,17976.0,United Kingdom,48,12,2.95,48.0,6.0,2.55
383321,536750,85123A,WHITE HANGING HEART T-LIGHT HOLDER,12,12/2/2010 14:04,2.55,17850.0,United Kingdom,48,12,30.599999999999998,48.0,1.0,2.95
383342,536752,85123A,WHITE HANGING HEART T-LIGHT HOLDER,6,12/2/2010 14:06,2.55,17850.0,United Kingdom,48,12,15.299999999999999,48.0,12.0,2.55
363719,536763,85123A,WHITE HANGING HEART T-LIGHT HOLDER,12,12/2/2010 14:42,2.95,17685.0,United Kingdom,48,12,35.400000000000006,48.0,6.0,2.55
383363,536787,85123A,WHITE HANGING HEART T-LIGHT HOLDER,6,12/2/2010 15:24,2.55,17850.0,United Kingdom,48,12,15.299999999999999,48.0,12.0,2.95
383378,536790,85123A,WHITE HANGING HEART T-LIGHT HOLDER,12,12/2/2010 15:26,2.95,17850.0,United Kingdom,48,12,35.400000000000006,48.0,6.0,2.55
234183,536795,85123A,WHITE HANGING HEART T-LIGHT HOLDER,32,12/2/2010 15:40,2.55,15640.0,United Kingdom,48,12,81.6,48.0,12.0,2.95
94811,536824,85123A,WHITE HANGING HEART T-LIGHT HOLDER,160,12/2/2010 17:24,2.55,13798.0,United Kingdom,48,12,408.0,48.0,32.0,2.55
404613,536833,85123A,WHITE HANGING HEART T-LIGHT HOLDER,6,12/2/2010 17:48,2.95,18239.0,United Kingdom,48,12,17.700000000000003,48.0,160.0,2.55
136789,536837,85123A,WHITE HANGING HEART T-LIGHT HOLDER,2,12/2/2010 18:15,2.95,14395.0,United Kingdom,48,12,5.9,48.0,6.0,2.95
310267,536857,85123A,WHITE HANGING HEART T-LIGHT HOLDER,2,12/3/2010 10:33,2.95,16883.0,United Kingdom,48,12,5.9,48.0,2.0,2.95
38371,536859,85123A,WHITE HANGING HEART T-LIGHT HOLDER,2,12/3/2010 10:43,2.95,12841.0,United Kingdom,48,12,5.9,48.0,2.0,2.95
389820,536863,85123A,WHITE HANGING HEART T-LIGHT HOLDER,2,12/3/2010 11:19,2.95,17967.0,United Kingdom,48,12,5.9,48.0,2.0,2.95
408665,536876,85123A,WHITE HANGING HEART T-LIGHT HOLDER,5,12/3/2010 11:36,5.91,,United Kingdom,48,12,29.55,48.0,2.0,2.95
168910,536976,85123A,WHITE HANGING HEART T-LIGHT HOLDER,7,12/3/2010 14:18,2.95,14723.0,United Kingdom,48,12,20.650000000000002,48.0,5.0,5.91
409064,536982,85123a,WHITE HANGING HEART T-LIGHT HOLDER,35,12/3/2010 14:27,6.77,,United Kingdom,48,12,236.95,48.0,7.0,2.95
330000,536987,85123A,WHITE HANGING HEART T-LIGHT HOLDER,6,12/3/2010 14:54,2.95,17198.0,United Kingdom,48,12,17.700000000000003,48.0,35.0,6.77
137139,536993,85123A,WHITE HANGING HEART T-LIGHT HOLDER,1,12/3/2010 15:19,2.95,14396.0,United Kingdom,48,12,2.95,48.0,6.0,2.95
393247,537044,85123A,WHITE HANGING HEART T-LIGHT HOLDER,6,12/5/2010 10:52,2.95,18055.0,United Kingdom,48,12,17.700000000000003,48.0,1.0,2.95
396394,537046,85123A,WHITE HANGING HEART T-LIGHT HOLDER,1,12/5/2010 10:58,2.95,18109.0,United Kingdom,48,12,2.95,48.0,6.0,2.95
237887,537051,85123A,WHITE HANGING HEART T-LIGHT HOLDER,3,12/5/2010 11:12,2.95,15708.0,United Kingdom,48,12,8.850000000000001,48.0,1.0,2.95
237891,537051,85123A,WHITE HANGING HEART T-LIGHT HOLDER,2,12/5/2010 11:12,2.95,15708.0,United Kingdom,48,12,5.9,48.0,3.0,2.95
315310,537054,85123A,WHITE HANGING HEART T-LIGHT HOLDER,2,12/5/2010 11:40,2.95,16931.0,United Kingdom,48,12,5.9,48.0,2.0,2.95
315317,537054,85123A,WHITE HANGING HEART T-LIGHT HOLDER,1,12/5/2010 11:40,2.95,16931.0,United Kingdom,48,12,2.95,48.0,2.0,2.95
306979,537055,85123A,WHITE HANGING HEART T-LIGHT HOLDER,6,12/5/2010 11:45,2.95,16814.0,United Kingdom,48,12,17.700000000000003,48.0,1.0,2.95
397420,537126,85123A,WHITE HANGING HEART T-LIGHT HOLDER,1,12/5/2010 12:13,2.95,18118.0,United Kingdom,48,12,2.95,48.0,6.0,2.95
96530,537127,85123A,WHITE HANGING HEART T-LIGHT HOLDER,128,12/5/2010 12:13,2.55,13831.0,United Kingdom,48,12,326.4,48.0,1.0,2.95
330368,537138,85123A,WHITE HANGING HEART T-LIGHT HOLDER,3,12/5/2010 12:44,2.95,17211.0,United Kingdom,48,12,8.850000000000001,48.0,128.0,2.55
249852,537144,85123A,WHITE HANGING HEART T-LIGHT HOLDER,1,12/5/2010 13:00,2.95,15880.0,United Kingdom,48,12,2.95,48.0,3.0,2.95
252532,537210,85123A,WHITE HANGING HEART T-LIGHT HOLDER,32,12/5/2010 15:15,2.55,15953.0,United Kingdom,48,12,81.6,48.0,1.0,2.95
60389,537224,85123A,WHITE HANGING HEART T-LIGHT HOLDER,12,12/5/2010 16:24,2.95,13174.0,United Kingdom,48,12,35.400000000000006,48.0,32.0,2.55
409670,537237,85123A,WHITE HANGING HEART T-LIGHT HOLDER,2,12/6/2010 9:58,5.91,,United Kingdom,49,12,11.82,48.0,12.0,2.95
402906,537239,85123A,WHITE HANGING HEART T-LIGHT HOLDER,6,12/6/2010 10:05,2.95,18219.0,United Kingdom,49,12,17.700000000000003,49.0,2.0,5.91
410221,537240,85123A,WHITE HANGING HEART T-LIGHT HOLDER,9,12/6/2010 10:08,5.91,,United Kingdom,49,12,53.19,49.0,6.0,2.95
170842,537242,85123A,WHITE HANGING HEART T-LIGHT HOLDER,6,12/6/2010 10:19,2.95,14748.0,United Kingdom,49,12,17.700000000000003,49.0,9.0,5.91
247900,537301,85123A,WHITE HANGING HEART T-LIGHT HOLDER,4,12/6/2010 11:38,2.95,15860.0,United Kingdom,49,12,11.8,49.0,6.0,2.95
134491,537332,85123A,WHITE HANGING HEART T-LIGHT HOLDER,24,12/6/2010 11:58,2.95,14344.0,United Kingdom,49,12,70.80000000000001,49.0,4.0,2.95
298129,537334,85123A,WHITE HANGING HEART T-LIGHT HOLDER,6,12/6/2010 12:06,2.95,16719.0,United Kingdom,49,12,17.700000000000003,49.0,24.0,2.95
363584,537388,85123A,WHITE HANGING HEART T-LIGHT HOLDER,12,12/6/2010 13:35,2.95,17682.0,United Kingdom,49,12,35.400000000000006,49.0,6.0,2.95
52347,537393,85123A,WHITE HANGING HEART T-LIGHT HOLDER,32,12/6/2010 13:59,2.55,13089.0,United Kingdom,49,12,81.6,49.0,12.0,2.95
214888,537395,85123A,WHITE HANGING HEART T-LIGHT HOLDER,2,12/6/2010 14:05,2.95,15356.0,United Kingdom,49,12,5.9,49.0,32.0,2.55
329666,537400,85123A,WHITE HANGING HEART T-LIGHT HOLDER,6,12/6/2010 14:36,2.95,17191.0,United Kingdom,49,12,17.700000000000003,49.0,2.0,2.95
78520,537419,85123A,WHITE HANGING HEART T-LIGHT HOLDER,32,12/6/2010 15:14,2.55,13495.0,United Kingdom,49,12,81.6,49.0,6.0,2.95
232339,537424,85123A,WHITE HANGING HEART T-LIGHT HOLDER,6,12/6/2010 15:35,2.95,15602.0,United Kingdom,49,12,17.700000000000003,49.0,32.0,2.55
410946,537434,85123A,WHITE HANGING HEART T-LIGHT HOLDER,14,12/6/2010 16:57,5.91,,United Kingdom,49,12,82.74000000000001,49.0,6.0,2.95
393279,537446,85123A,WHITE HANGING HEART T-LIGHT HOLDER,6,12/7/2010 9:13,2.95,18055.0,United Kingdom,49,12,17.700000000000003,49.0,14.0,5.91
350256,537457,85123A,WHITE HANGING HEART T-LIGHT HOLDER,32,12/7/2010 9:51,2.55,17511.0,United Kingdom,49,12,81.6,49.0,6.0,2.95
358976,537460,85123A,WHITE HANGING HEART T-LIGHT HOLDER,128,12/7/2010 10:04,2.55,17616.0,United Kingdom,49,12,326.4,49.0,32.0,2.55
170009,537484,85123A,WHITE HANGING HEART T-LIGHT HOLDER,32,12/7/2010 11:30,2.55,14733.0,United Kingdom,49,12,81.6,49.0,128.0,2.55
123737,537523,85123A,WHITE HANGING HEART T-LIGHT HOLDER,6,12/7/2010 11:45,2.95,14176.0,United Kingdom,49,12,17.700000000000003,49.0,32.0,2.55
77948,537604,85123A,WHITE HANGING HEART T-LIGHT HOLDER,32,12/7/2010 13:01,2.55,13488.0,United Kingdom,49,12,81.6,49.0,6.0,2.95
268884,537605,85123A,WHITE HANGING HEART T-LIGHT HOLDER,5,12/7/2010 13:13,2.95,16221.0,United Kingdom,49,12,14.75,49.0,32.0,2.55
189794,537606,85123A,WHITE HANGING HEART T-LIGHT HOLDER,19,12/7/2010 13:16,2.95,15002.0,United Kingdom,49,12,56.050000000000004,49.0,5.0,2.95
252898,537607,85123A,WHITE HANGING HEART T-LIGHT HOLDER,6,12/7/2010 13:18,2.95,15965.0,United Kingdom,49,12,17.700000000000003,49.0,19.0,2.95
93789,537612,85123A,WHITE HANGING HEART T-LIGHT HOLDER,6,12/7/2010 13:28,2.95,13769.0,United Kingdom,49,12,17.700000000000003,49.0,6.0,2.95
94698,537619,85123A,WHITE HANGING HEART T-LIGHT HOLDER,32,12/7/2010 13:53,2.55,13786.0,United Kingdom,49,12,81.6,49.0,6.0,2.95
411670,537638,85123A,WHITE HANGING HEART T-LIGHT HOLDER,4,12/7/2010 15:28,5.91,,United Kingdom,49,12,23.64,49.0,32.0,2.55
411842,537640,85123a,WHITE HANGING HEART T-LIGHT HOLDER,46,12/7/2010 15:31,6.77,,United Kingdom,49,12,311.41999999999996,49.0,4.0,5.91
263759,537650,85123A,WHITE HANGING HEART T-LIGHT HOLDER,12,12/7/2010 15:48,2.95,16125.0,United Kingdom,49,12,35.400000000000006,49.0,46.0,6.77
199960,537655,85123A,WHITE HANGING HEART T-LIGHT HOLDER,6,12/7/2010 16:20,2.95,15081.0,United Kingdom,49,12,17.700000000000003,49.0,12.0,2.95
412606,537666,85123A,WHITE HANGING HEART T-LIGHT HOLDER,5,12/7/2010 18:36,5.91,,United Kingdom,49,12,29.55,49.0,6.0,2.95
309164,537669,85123A,WHITE HANGING HEART T-LIGHT HOLDER,12,12/8/2010 8:58,2.95,16863.0,United Kingdom,49,12,35.400000000000006,49.0,5.0,5.91
233719,537674,85123A,WHITE HANGING HEART T-LIGHT HOLDER,6,12/8/2010 9:51,2.95,15628.0,United Kingdom,49,12,17.700000000000003,49.0,12.0,2.95
261560,537754,85123A,WHITE HANGING HEART T-LIGHT HOLDER,3,12/8/2010 11:16,2.95,16081.0,United Kingdom,49,12,8.850000000000001,49.0,6.0,2.95
286281,537755,85123A,WHITE HANGING HEART T-LIGHT HOLDER,32,12/8/2010 11:31,2.55,16525.0,United Kingdom,49,12,81.6,49.0,3.0,2.95
310917,537764,85123A,WHITE HANGING HEART T-LIGHT HOLDER,1,12/8/2010 12:06,2.95,16893.0,United Kingdom,49,12,2.95,49.0,32.0,2.55
191915,537769,85123A,WHITE HANGING HEART T-LIGHT HOLDER,2,12/8/2010 12:17,2.95,15021.0,United Kingdom,49,12,5.9,49.0,1.0,2.95
191902,537769,85123A,WHITE HANGING HEART T-LIGHT HOLDER,1,12/8/2010 12:17,2.95,15021.0,United Kingdom,49,12,2.95,49.0,2.0,2.95
257407,537773,85123A,WHITE HANGING HEART T-LIGHT HOLDER,1,12/8/2010 12:36,2.95,16016.0,United Kingdom,49,12,2.95,49.0,1.0,2.95
330581,537795,85123A,WHITE HANGING HEART T-LIGHT HOLDER,12,12/8/2010 13:03,2.95,17213.0,United Kingdom,49,12,35.400000000000006,49.0,1.0,2.95
412979,537823,85123A,WHITE HANGING HEART T-LIGHT HOLDER,2,12/8/2010 14:25,5.91,,United Kingdom,49,12,11.82,49.0,12.0,2.95
236492,537828,85123A,WHITE HANGING HEART T-LIGHT HOLDER,12,12/8/2010 14:43,2.95,15680.0,United Kingdom,49,12,35.400000000000006,49.0,2.0,5.91
386013,537831,85123A,WHITE HANGING HEART T-LIGHT HOLDER,6,12/8/2010 14:50,2.95,17894.0,United Kingdom,49,12,17.700000000000003,49.0,12.0,2.95
58617,537842,85123A,WHITE HANGING HEART T-LIGHT HOLDER,5,12/8/2010 15:12,2.95,13140.0,United Kingdom,49,12,14.75,49.0,6.0,2.95
238232,537843,85123A,WHITE HANGING HEART T-LIGHT HOLDER,12,12/8/2010 15:16,2.95,15713.0,United Kingdom,49,12,35.400000000000006,49.0,5.0,2.95
361209,537866,85123A,WHITE HANGING HEART T-LIGHT HOLDER,32,12/8/2010 16:45,2.55,17655.0,United Kingdom,49,12,81.6,49.0,12.0,2.95
297855,537867,85123A,WHITE HANGING HEART T-LIGHT HOLDER,12,12/8/2010 16:48,2.95,16717.0,United Kingdom,49,12,35.400000000000006,49.0,32.0,2.55
128135,537879,85123A,WHITE HANGING HEART T-LIGHT HOLDER,6,12/9/2010 8:34,2.95,14243.0,United Kingdom,49,12,17.700000000000003,49.0,12.0,2.95
342824,537898,85123A,WHITE HANGING HEART T-LIGHT HOLDER,10,12/9/2010 10:42,2.95,17377.0,United Kingdom,49,12,29.5,49.0,6.0,2.95
304512,537955,85123A,WHITE HANGING HEART T-LIGHT HOLDER,14,12/9/2010 11:28,2.95,16782.0,United Kingdom,49,12,41.300000000000004,49.0,10.0,2.95
71856,537963,85123A,WHITE HANGING HEART T-LIGHT HOLDER,12,12/9/2010 11:30,2.95,13369.0,United Kingdom,49,12,35.400000000000006,49.0,14.0,2.95
189509,538006,85123A,WHITE HANGING HEART T-LIGHT HOLDER,32,12/9/2010 12:13,2.55,14987.0,United Kingdom,49,12,81.6,49.0,12.0,2.95
143831,538032,85123A,WHITE HANGING HEART T-LIGHT HOLDER,6,12/9/2010 12:59,2.95,14479.0,United Kingdom,49,12,17.700000000000003,49.0,32.0,2.55
261158,538035,85123A,WHITE HANGING HEART T-LIGHT HOLDER,8,12/9/2010 13:03,2.95,16065.0,United Kingdom,49,12,23.6,49.0,6.0,2.95
247038,538053,85123A,WHITE HANGING HEART T-LIGHT HOLDER,32,12/9/2010 13:34,2.55,15856.0,United Kingdom,49,12,81.6,49.0,8.0,2.95
209000,538064,85123A,WHITE HANGING HEART T-LIGHT HOLDER,8,12/9/2010 13:47,2.95,15271.0,United Kingdom,49,12,23.6,49.0,32.0,2.55
103371,538065,85123A,WHITE HANGING HEART T-LIGHT HOLDER,32,12/9/2010 13:57,2.55,13982.0,United Kingdom,49,12,81.6,49.0,8.0,2.95
414095,538071,85123A,WHITE HANGING HEART T-LIGHT HOLDER,7,12/9/2010 14:09,5.91,,United Kingdom,49,12,41.370000000000005,49.0,32.0,2.55
40600,538086,85123A,WHITE HANGING HEART T-LIGHT HOLDER,14,12/9/2010 14:44,2.95,12872.0,United Kingdom,49,12,41.300000000000004,49.0,7.0,5.91
325576,538095,85123A,WHITE HANGING HEART T-LIGHT HOLDER,1,12/9/2010 14:55,2.95,17097.0,Spain,49,12,2.95,49.0,14.0,2.95
206396,538145,85123A,WHITE HANGING HEART T-LIGHT HOLDER,6,12/9/2010 16:08,2.95,15211.0,United Kingdom,49,12,17.700000000000003,49.0,1.0,2.95
354293,538157,85123A,WHITE HANGING HEART T-LIGHT HOLDER,4,12/9/2010 16:57,2.95,17576.0,United Kingdom,49,12,11.8,49.0,6.0,2.95
389420,538166,85123A,WHITE HANGING HEART T-LIGHT HOLDER,3,12/9/2010 18:09,2.95,17965.0,United Kingdom,49,12,8.850000000000001,49.0,4.0,2.95
362419,538176,85123A,WHITE HANGING HEART T-LIGHT HOLDER,64,12/10/2010 9:48,2.55,17675.0,United Kingdom,49,12,163.2,49.0,3.0,2.95
415043,538177,85123A,WHITE HANGING HEART T-LIGHT HOLDER,1,12/10/2010 9:51,5.91,,United Kingdom,49,12,5.91,49.0,64.0,2.55
374130,538182,85123A,WHITE HANGING HEART T-LIGHT HOLDER,6,12/10/2010 10:18,2.95,17827.0,United Kingdom,49,12,17.700000000000003,49.0,1.0,5.91
46324,538186,85123A,WHITE HANGING HEART T-LIGHT HOLDER,12,12/10/2010 10:26,2.95,13000.0,United Kingdom,49,12,35.400000000000006,49.0,6.0,2.95
371355,538190,85123A,WHITE HANGING HEART T-LIGHT HOLDER,5,12/10/2010 10:47,2.95,17790.0,United Kingdom,49,12,14.75,49.0,12.0,2.95
374180,538198,85123A,WHITE HANGING HEART T-LIGHT HOLDER,3,12/10/2010 11:01,2.95,17827.0,United Kingdom,49,12,8.850000000000001,49.0,5.0,2.95
396969,538248,85123A,WHITE HANGING HEART T-LIGHT HOLDER,4,12/10/2010 12:14,2.95,18116.0,United Kingdom,49,12,11.8,49.0,3.0,2.95
397520,538250,85123A,WHITE HANGING HEART T-LIGHT HOLDER,8,12/10/2010 12:20,2.95,18118.0,United Kingdom,49,12,23.6,49.0,4.0,2.95
257646,538252,85123A,WHITE HANGING HEART T-LIGHT HOLDER,32,12/10/2010 12:29,2.55,16019.0,United Kingdom,49,12,81.6,49.0,8.0,2.95
401257,538260,85123A,WHITE HANGING HEART T-LIGHT HOLDER,6,12/10/2010 12:42,2.95,18178.0,United Kingdom,49,12,17.700000000000003,49.0,32.0,2.55
58857,538296,85123A,WHITE HANGING HEART T-LIGHT HOLDER,6,12/10/2010 13:06,2.95,13148.0,United Kingdom,49,12,17.700000000000003,49.0,6.0,2.95
299035,538312,85123A,WHITE HANGING HEART T-LIGHT HOLDER,6,12/10/2010 13:48,2.95,16727.0,United Kingdom,49,12,17.700000000000003,49.0,6.0,2.95
415653,538349,85123A,WHITE HANGING HEART T-LIGHT HOLDER,12,12/10/2010 14:59,5.91,,United Kingdom,49,12,70.92,49.0,6.0,2.95
415849,538351,85123a,WHITE HANGING HEART T-LIGHT HOLDER,31,12/10/2010 15:17,6.77,,United Kingdom,49,12,209.86999999999998,49.0,12.0,5.91
314166,538370,85123A,WHITE HANGING HEART T-LIGHT HOLDER,3,12/12/2010 11:06,2.95,16923.0,United Kingdom,49,12,8.850000000000001,49.0,31.0,6.77
121967,538374,85123A,WHITE HANGING HEART T-LIGHT HOLDER,2,12/12/2010 11:17,2.95,14159.0,United Kingdom,49,12,5.9,49.0,3.0,2.95
326955,538379,85123A,WHITE HANGING HEART T-LIGHT HOLDER,2,12/12/2010 11:26,2.95,17126.0,United Kingdom,49,12,5.9,49.0,2.0,2.95
326941,538379,85123A,WHITE HANGING HEART T-LIGHT HOLDER,1,12/12/2010 11:26,2.95,17126.0,United Kingdom,49,12,2.95,49.0,2.0,2.95
330396,538403,85123A,WHITE HANGING HEART T-LIGHT HOLDER,6,12/12/2010 11:46,2.95,17211.0,United Kingdom,49,12,17.700000000000003,49.0,1.0,2.95
256483,538437,85123A,WHITE HANGING HEART T-LIGHT HOLDER,3,12/12/2010 12:18,2.95,16010.0,United Kingdom,49,12,8.850000000000001,49.0,6.0,2.95
324656,538449,85123A,WHITE HANGING HEART T-LIGHT HOLDER,6,12/12/2010 12:24,2.95,17085.0,United Kingdom,49,12,17.700000000000003,49.0,3.0,2.95
87797,538473,85123A,WHITE HANGING HEART T-LIGHT HOLDER,3,12/12/2010 12:35,2.95,13668.0,United Kingdom,49,12,8.850000000000001,49.0,6.0,2.95
164747,538497,85123A,WHITE HANGING HEART T-LIGHT HOLDER,1,12/12/2010 12:44,2.95,14684.0,United Kingdom,49,12,2.95,49.0,3.0,2.95
255161,538508,85123A,WHITE HANGING HEART T-LIGHT HOLDER,6,12/12/2010 13:32,2.95,15998.0,United Kingdom,49,12,17.700000000000003,49.0,1.0,2.95
196399,538514,85123A,WHITE HANGING HEART T-LIGHT HOLDER,6,12/12/2010 14:27,2.95,15044.0,United Kingdom,49,12,17.700000000000003,49.0,6.0,2.95
145927,538518,85123A,WHITE HANGING HEART T-LIGHT HOLDER,3,12/12/2010 16:14,2.95,14505.0,United Kingdom,49,12,8.850000000000001,49.0,6.0,2.95
416315,538524,85123A,WHITE HANGING HEART T-LIGHT HOLDER,27,12/13/2010 9:35,5.91,,United Kingdom,50,12,159.57,49.0,3.0,2.95
130261,538529,85123A,WHITE HANGING HEART T-LIGHT HOLDER,12,12/13/2010 10:24,2.95,14290.0,United Kingdom,50,12,35.400000000000006,50.0,27.0,5.91
62189,538532,85123A,WHITE HANGING HEART T-LIGHT HOLDER,6,12/13/2010 10:31,2.95,13209.0,United Kingdom,50,12,17.700000000000003,50.0,12.0,2.95
173448,538533,85123A,WHITE HANGING HEART T-LIGHT HOLDER,32,12/13/2010 10:31,2.55,14796.0,United Kingdom,50,12,81.6,50.0,6.0,2.95
416793,538566,85123A,WHITE HANGING HEART T-LIGHT HOLDER,7,12/13/2010 11:21,5.91,,United Kingdom,50,12,41.370000000000005,50.0,32.0,2.55
246821,538592,85123A,WHITE HANGING HEART T-LIGHT HOLDER,4,12/13/2010 11:47,2.95,15854.0,United Kingdom,50,12,11.8,50.0,7.0,5.91
390900,538596,85123A,WHITE HANGING HEART T-LIGHT HOLDER,6,12/13/2010 12:10,2.95,17990.0,United Kingdom,50,12,17.700000000000003,50.0,4.0,2.95
338553,538626,85123A,WHITE HANGING HEART T-LIGHT HOLDER,13,12/13/2010 12:57,2.95,17338.0,United Kingdom,50,12,38.35,50.0,6.0,2.95
111147,538634,85123A,WHITE HANGING HEART T-LIGHT HOLDER,4,12/13/2010 13:28,2.95,14085.0,United Kingdom,50,12,11.8,50.0,13.0,2.95
336616,538635,85123A,WHITE HANGING HEART T-LIGHT HOLDER,2,12/13/2010 13:32,2.95,17303.0,United Kingdom,50,12,5.9,50.0,4.0,2.95
234223,538641,85123A,WHITE HANGING HEART T-LIGHT HOLDER,32,12/13/2010 14:36,2.55,15640.0,United Kingdom,50,12,81.6,50.0,2.0,2.95
170058,538664,85123A,WHITE HANGING HEART T-LIGHT HOLDER,64,12/13/2010 15:46,2.55,14733.0,United Kingdom,50,12,163.2,50.0,32.0,2.55
242424,538671,85123A,WHITE HANGING HEART T-LIGHT HOLDER,32,12/13/2010 16:38,2.55,15777.0,United Kingdom,50,12,81.6,50.0,64.0,2.55
147687,538683,85123A,WHITE HANGING HEART T-LIGHT HOLDER,96,12/13/2010 17:40,2.55,14525.0,United Kingdom,50,12,244.79999999999998,50.0,32.0,2.55
386021,538707,85123A,WHITE HANGING HEART T-LIGHT HOLDER,5,12/14/2010 10:38,2.95,17894.0,United Kingdom,50,12,14.75,50.0,96.0,2.55
394529,538710,85123A,WHITE HANGING HEART T-LIGHT HOLDER,12,12/14/2010 10:48,2.95,18075.0,United Kingdom,50,12,35.400000000000006,50.0,5.0,2.95
214958,538744,85123A,WHITE HANGING HEART T-LIGHT HOLDER,4,12/14/2010 11:26,2.95,15356.0,United Kingdom,50,12,11.8,50.0,12.0,2.95
194923,538799,85123A,WHITE HANGING HEART T-LIGHT HOLDER,4,12/14/2010 11:48,2.95,15039.0,United Kingdom,50,12,11.8,50.0,4.0,2.95
282685,538800,85123A,WHITE HANGING HEART T-LIGHT HOLDER,6,12/14/2010 11:51,2.95,16458.0,United Kingdom,50,12,17.700000000000003,50.0,4.0,2.95
1493,538826,85123A,WHITE HANGING HEART T-LIGHT HOLDER,64,12/14/2010 12:58,2.55,12370.0,Cyprus,50,12,163.2,50.0,6.0,2.95
130890,538827,85123A,WHITE HANGING HEART T-LIGHT HOLDER,32,12/14/2010 12:59,2.55,14298.0,United Kingdom,50,12,81.6,50.0,64.0,2.55
328232,538832,85123A,WHITE HANGING HEART T-LIGHT HOLDER,6,12/14/2010 13:03,2.95,17158.0,United Kingdom,50,12,17.700000000000003,50.0,32.0,2.55
138352,538849,85123A,WHITE HANGING HEART T-LIGHT HOLDER,10,12/14/2010 13:31,2.95,14415.0,United Kingdom,50,12,29.5,50.0,6.0,2.95
288467,538851,85123A,WHITE HANGING HEART T-LIGHT HOLDER,32,12/14/2010 13:32,2.55,16556.0,United Kingdom,50,12,81.6,50.0,10.0,2.95
342423,538852,85123A,WHITE HANGING HEART T-LIGHT HOLDER,10,12/14/2010 13:33,2.95,17372.0,United Kingdom,50,12,29.5,50.0,32.0,2.55
417025,538877,85123a,WHITE HANGING HEART T-LIGHT HOLDER,5,12/14/2010 15:29,6.77,,United Kingdom,50,12,33.849999999999994,50.0,10.0,2.95
347848,538910,85123A,WHITE HANGING HEART T-LIGHT HOLDER,6,12/15/2010 10:54,2.95,17454.0,United Kingdom,50,12,17.700000000000003,50.0,5.0,6.77
340070,538942,85123A,WHITE HANGING HEART T-LIGHT HOLDER,1,12/15/2010 11:14,2.95,17346.0,United Kingdom,50,12,2.95,50.0,6.0,2.95
304536,538951,85123A,WHITE HANGING HEART T-LIGHT HOLDER,4,12/15/2010 11:26,2.95,16782.0,United Kingdom,50,12,11.8,50.0,1.0,2.95
350273,538991,85123A,WHITE HANGING HEART T-LIGHT HOLDER,32,12/15/2010 11:53,2.55,17511.0,United Kingdom,50,12,81.6,50.0,4.0,2.95
76125,538995,85123A,WHITE HANGING HEART T-LIGHT HOLDER,32,12/15/2010 12:05,2.55,13458.0,United Kingdom,50,12,81.6,50.0,32.0,2.55
386073,539007,85123A,WHITE HANGING HEART T-LIGHT HOLDER,6,12/15/2010 13:00,2.95,17894.0,United Kingdom,50,12,17.700000000000003,50.0,32.0,2.55
190108,539010,85123A,WHITE HANGING HEART T-LIGHT HOLDER,2,12/15/2010 13:24,2.95,15005.0,United Kingdom,50,12,5.9,50.0,6.0,2.95
353075,539019,85123A,WHITE HANGING HEART T-LIGHT HOLDER,4,12/15/2010 14:12,2.95,17551.0,United Kingdom,50,12,11.8,50.0,2.0,2.95
52408,539030,85123A,WHITE HANGING HEART T-LIGHT HOLDER,24,12/15/2010 14:25,2.95,13089.0,United Kingdom,50,12,70.80000000000001,50.0,4.0,2.95
265605,539034,85123A,WHITE HANGING HEART T-LIGHT HOLDER,1,12/15/2010 14:29,2.95,16161.0,United Kingdom,50,12,2.95,50.0,24.0,2.95
349353,539079,85123A,WHITE HANGING HEART T-LIGHT HOLDER,12,12/16/2010 8:39,2.95,17496.0,United Kingdom,50,12,35.400000000000006,50.0,1.0,2.95
54428,539088,85123A,WHITE HANGING HEART T-LIGHT HOLDER,32,12/16/2010 9:45,2.55,13093.0,United Kingdom,50,12,81.6,50.0,12.0,2.95
207982,539089,85123A,WHITE HANGING HEART T-LIGHT HOLDER,6,12/16/2010 9:46,2.95,15246.0,United Kingdom,50,12,17.700000000000003,50.0,32.0,2.55
319019,539103,85123A,WHITE HANGING HEART T-LIGHT HOLDER,96,12/16/2010 10:38,2.55,16985.0,United Kingdom,50,12,244.79999999999998,50.0,6.0,2.95
175977,539105,85123A,WHITE HANGING HEART T-LIGHT HOLDER,12,12/16/2010 10:43,2.95,14825.0,United Kingdom,50,12,35.400000000000006,50.0,96.0,2.55
256868,539109,85123A,WHITE HANGING HEART T-LIGHT HOLDER,500,12/16/2010 11:07,2.55,16013.0,United Kingdom,50,12,1275.0,50.0,12.0,2.95
393307,539196,85123A,WHITE HANGING HEART T-LIGHT HOLDER,12,12/16/2010 12:09,2.95,18055.0,United Kingdom,50,12,35.400000000000006,50.0,500.0,2.55
328006,539212,85123A,WHITE HANGING HEART T-LIGHT HOLDER,6,12/16/2010 12:20,2.95,17146.0,United Kingdom,50,12,17.700000000000003,50.0,12.0,2.95
216752,539225,85123A,WHITE HANGING HEART T-LIGHT HOLDER,12,12/16/2010 13:02,2.95,15379.0,United Kingdom,50,12,35.400000000000006,50.0,6.0,2.95
396996,539243,85123A,WHITE HANGING HEART T-LIGHT HOLDER,4,12/16/2010 13:21,2.95,18116.0,United Kingdom,50,12,11.8,50.0,12.0,2.95
303290,539282,85123A,WHITE HANGING HEART T-LIGHT HOLDER,12,12/16/2010 15:45,2.95,16770.0,United Kingdom,50,12,35.400000000000006,50.0,4.0,2.95
112260,539283,85123A,WHITE HANGING HEART T-LIGHT HOLDER,12,12/16/2010 15:47,2.95,14092.0,United Kingdom,50,12,35.400000000000006,50.0,12.0,2.95
272186,539290,85123A,WHITE HANGING HEART T-LIGHT HOLDER,6,12/16/2010 16:36,2.95,16271.0,United Kingdom,50,12,17.700000000000003,50.0,12.0,2.95
98828,539314,85123A,WHITE HANGING HEART T-LIGHT HOLDER,32,12/16/2010 18:20,2.55,13874.0,United Kingdom,50,12,81.6,50.0,6.0,2.95
343925,539317,85123A,WHITE HANGING HEART T-LIGHT HOLDER,3,12/16/2010 19:04,2.95,17392.0,United Kingdom,50,12,8.850000000000001,50.0,32.0,2.55
343905,539317,85123A,WHITE HANGING HEART T-LIGHT HOLDER,4,12/16/2010 19:04,2.95,17392.0,United Kingdom,50,12,11.8,50.0,3.0,2.95
180579,539320,85123A,WHITE HANGING HEART T-LIGHT HOLDER,24,12/16/2010 19:16,2.95,14911.0,EIRE,50,12,70.80000000000001,50.0,4.0,2.95
168949,539321,85123A,WHITE HANGING HEART T-LIGHT HOLDER,2,12/16/2010 19:19,2.95,14723.0,United Kingdom,50,12,5.9,50.0,24.0,2.95
168976,539321,85123A,WHITE HANGING HEART T-LIGHT HOLDER,3,12/16/2010 19:19,2.95,14723.0,United Kingdom,50,12,8.850000000000001,50.0,2.0,2.95
46726,539325,85123A,WHITE HANGING HEART T-LIGHT HOLDER,6,12/17/2010 8:20,2.95,13004.0,United Kingdom,50,12,17.700000000000003,50.0,3.0,2.95
36508,539353,85123A,WHITE HANGING HEART T-LIGHT HOLDER,6,12/17/2010 11:30,2.95,12782.0,Portugal,50,12,17.700000000000003,50.0,6.0,2.95
315364,539414,85123A,WHITE HANGING HEART T-LIGHT HOLDER,3,12/17/2010 13:45,2.95,16931.0,United Kingdom,50,12,8.850000000000001,50.0,6.0,2.95
417417,539434,85123A,WHITE HANGING HEART T-LIGHT HOLDER,4,12/17/2010 14:41,5.91,,United Kingdom,50,12,23.64,50.0,3.0,2.95
418255,539436,85123A,WHITE HANGING HEART T-LIGHT HOLDER,9,12/17/2010 14:49,5.91,,United Kingdom,50,12,53.19,50.0,4.0,5.91
418768,539437,85123A,WHITE HANGING HEART T-LIGHT HOLDER,7,12/17/2010 14:54,5.91,,United Kingdom,50,12,41.370000000000005,50.0,9.0,5.91
98031,539439,85123A,WHITE HANGING HEART T-LIGHT HOLDER,6,12/17/2010 15:14,2.95,13869.0,United Kingdom,50,12,17.700000000000003,50.0,7.0,5.91
230304,539450,85123A,WHITE HANGING HEART T-LIGHT HOLDER,6,12/17/2010 16:53,2.95,15570.0,United Kingdom,50,12,17.700000000000003,50.0,6.0,2.95
418906,539451,85123A,WHITE HANGING HEART T-LIGHT HOLDER,1,12/17/2010 16:59,5.91,,United Kingdom,50,12,5.91,50.0,6.0,2.95
419487,539453,85123A,WHITE HANGING HEART T-LIGHT HOLDER,5,12/17/2010 17:08,5.91,,United Kingdom,50,12,29.55,50.0,1.0,5.91
342845,539454,85123A,WHITE HANGING HEART T-LIGHT HOLDER,5,12/17/2010 17:12,2.95,17377.0,United Kingdom,50,12,14.75,50.0,5.0,5.91
143438,539470,85123A,WHITE HANGING HEART T-LIGHT HOLDER,2,12/19/2010 14:03,2.95,14472.0,United Kingdom,50,12,5.9,50.0,5.0,2.95
340951,539471,85123A,WHITE HANGING HEART T-LIGHT HOLDER,2,12/19/2010 14:16,2.95,17358.0,United Kingdom,50,12,5.9,50.0,2.0,2.95
404895,539477,85123A,WHITE HANGING HEART T-LIGHT HOLDER,6,12/19/2010 14:58,2.95,18245.0,United Kingdom,50,12,17.700000000000003,50.0,2.0,2.95
234246,539484,85123A,WHITE HANGING HEART T-LIGHT HOLDER,32,12/19/2010 15:44,2.55,15640.0,United Kingdom,50,12,81.6,50.0,6.0,2.95
324704,539501,85123A,WHITE HANGING HEART T-LIGHT HOLDER,6,12/20/2010 11:08,2.95,17085.0,United Kingdom,51,12,17.700000000000003,50.0,32.0,2.55
213556,539580,85123A,WHITE HANGING HEART T-LIGHT HOLDER,12,12/20/2010 12:51,2.95,15312.0,United Kingdom,51,12,35.400000000000006,51.0,6.0,2.95
130973,539587,85123A,WHITE HANGING HEART T-LIGHT HOLDER,32,12/20/2010 13:10,2.55,14298.0,United Kingdom,51,12,81.6,51.0,12.0,2.95
148065,539588,85123A,WHITE HANGING HEART T-LIGHT HOLDER,1,12/20/2010 13:11,2.95,14527.0,United Kingdom,51,12,2.95,51.0,32.0,2.55
170072,539590,85123A,WHITE HANGING HEART T-LIGHT HOLDER,32,12/20/2010 13:21,2.55,14733.0,United Kingdom,51,12,81.6,51.0,1.0,2.95
420151,539595,85123A,WHITE HANGING HEART T-LIGHT HOLDER,2,12/20/2010 13:43,5.91,,United Kingdom,51,12,11.82,51.0,32.0,2.55
330593,539658,85123A,WHITE HANGING HEART T-LIGHT HOLDER,6,12/21/2010 9:34,2.95,17213.0,United Kingdom,51,12,17.700000000000003,51.0,2.0,5.91
420725,539708,85123A,WHITE HANGING HEART T-LIGHT HOLDER,2,12/21/2010 12:18,5.91,,United Kingdom,51,12,11.82,51.0,6.0,2.95
420868,539718,85123A,WHITE HANGING HEART T-LIGHT HOLDER,3,12/21/2010 13:06,5.91,,United Kingdom,51,12,17.73,51.0,2.0,5.91
180621,539722,85123A,WHITE HANGING HEART T-LIGHT HOLDER,24,12/21/2010 13:45,2.95,14911.0,EIRE,51,12,70.80000000000001,51.0,3.0,5.91
77874,539730,85123A,WHITE HANGING HEART T-LIGHT HOLDER,6,12/21/2010 14:54,2.95,13487.0,United Kingdom,51,12,17.700000000000003,51.0,24.0,2.95
421674,539750,85123a,WHITE HANGING HEART T-LIGHT HOLDER,1,12/21/2010 15:40,6.77,,United Kingdom,51,12,6.77,51.0,6.0,2.95
196512,539826,85123A,WHITE HANGING HEART T-LIGHT HOLDER,13,12/22/2010 12:39,2.95,15044.0,United Kingdom,51,12,38.35,51.0,1.0,6.77
284321,539835,85123A,WHITE HANGING HEART T-LIGHT HOLDER,6,12/22/2010 13:39,2.95,16477.0,United Kingdom,51,12,17.700000000000003,51.0,13.0,2.95
386081,539836,85123A,WHITE HANGING HEART T-LIGHT HOLDER,5,12/22/2010 13:46,2.95,17894.0,United Kingdom,51,12,14.75,51.0,6.0,2.95
421790,539856,85123A,WHITE HANGING HEART T-LIGHT HOLDER,1,12/22/2010 14:41,0.0,,United Kingdom,51,12,0.0,51.0,5.0,2.95
100691,539867,85123A,WHITE HANGING HEART T-LIGHT HOLDER,6,12/23/2010 10:38,2.95,13922.0,United Kingdom,51,12,17.700000000000003,51.0,1.0,0.0
111209,539920,85123A,WHITE HANGING HEART T-LIGHT HOLDER,4,12/23/2010 11:06,2.95,14085.0,United Kingdom,51,12,11.8,51.0,6.0,2.95
247081,539985,85123A,WHITE HANGING HEART T-LIGHT HOLDER,32,12/23/2010 15:16,2.55,15856.0,United Kingdom,51,12,81.6,51.0,4.0,2.95
397039,539988,85123A,WHITE HANGING HEART T-LIGHT HOLDER,5,12/23/2010 16:06,2.95,18116.0,United Kingdom,51,12,14.75,51.0,32.0,2.55
68949,539993,85123A,WHITE HANGING HEART T-LIGHT HOLDER,12,1/4/2011 10:00,2.95,13313.0,United Kingdom,1,1,35.400000000000006,51.0,5.0,2.95
155740,540014,85123A,WHITE HANGING HEART T-LIGHT HOLDER,6,1/4/2011 11:34,2.95,14606.0,United Kingdom,1,1,17.700000000000003,1.0,12.0,2.95
272594,540016,85123A,WHITE HANGING HEART T-LIGHT HOLDER,10,1/4/2011 11:42,2.95,16282.0,United Kingdom,1,1,29.5,1.0,6.0,2.95
422619,540026,85123A,WHITE HANGING HEART T-LIGHT HOLDER,1,1/4/2011 13:25,5.91,,United Kingdom,1,1,5.91,1.0,10.0,2.95
88487,540033,85123A,WHITE HANGING HEART T-LIGHT HOLDER,32,1/4/2011 14:12,2.55,13680.0,United Kingdom,1,1,81.6,1.0,1.0,5.91
204682,540043,85123A,WHITE HANGING HEART T-LIGHT HOLDER,4,1/4/2011 14:21,2.95,15164.0,United Kingdom,1,1,11.8,1.0,32.0,2.55
269753,540098,85123A,WHITE HANGING HEART T-LIGHT HOLDER,2,1/4/2011 15:50,2.95,16241.0,United Kingdom,1,1,5.9,1.0,4.0,2.95
362441,540120,85123A,WHITE HANGING HEART T-LIGHT HOLDER,32,1/5/2011 10:08,2.55,17675.0,United Kingdom,1,1,81.6,1.0,2.0,2.95
94887,540130,85123A,WHITE HANGING HEART T-LIGHT HOLDER,128,1/5/2011 10:46,2.55,13798.0,United Kingdom,1,1,326.4,1.0,32.0,2.55
189846,540146,85123A,WHITE HANGING HEART T-LIGHT HOLDER,12,1/5/2011 10:51,2.95,15002.0,United Kingdom,1,1,35.400000000000006,1.0,128.0,2.55
246437,540153,85123A,WHITE HANGING HEART T-LIGHT HOLDER,32,1/5/2011 11:25,2.55,15841.0,United Kingdom,1,1,81.6,1.0,12.0,2.95
298169,540161,85123A,WHITE HANGING HEART T-LIGHT HOLDER,7,1/5/2011 11:52,2.95,16719.0,United Kingdom,1,1,20.650000000000002,1.0,32.0,2.55
52448,540163,85123A,WHITE HANGING HEART T-LIGHT HOLDER,32,1/5/2011 11:52,2.55,13089.0,United Kingdom,1,1,81.6,1.0,7.0,2.95
396419,540172,85123A,WHITE HANGING HEART T-LIGHT HOLDER,1,1/5/2011 12:29,2.95,18109.0,United Kingdom,1,1,2.95,1.0,32.0,2.55
253847,540180,85123A,WHITE HANGING HEART T-LIGHT HOLDER,2,1/5/2011 13:05,2.95,15984.0,United Kingdom,1,1,5.9,1.0,1.0,2.95
253857,540180,85123A,WHITE HANGING HEART T-LIGHT HOLDER,6,1/5/2011 13:05,2.95,15984.0,United Kingdom,1,1,17.700000000000003,1.0,2.0,2.95
162048,540185,85123A,WHITE HANGING HEART T-LIGHT HOLDER,8,1/5/2011 13:40,2.95,14653.0,United Kingdom,1,1,23.6,1.0,6.0,2.95
303429,540188,85123A,WHITE HANGING HEART T-LIGHT HOLDER,3,1/5/2011 13:57,2.95,16771.0,United Kingdom,1,1,8.850000000000001,1.0,8.0,2.95
196871,540242,85123A,WHITE HANGING HEART T-LIGHT HOLDER,32,1/5/2011 15:30,2.55,15046.0,United Kingdom,1,1,81.6,1.0,3.0,2.95
221239,540247,85123A,WHITE HANGING HEART T-LIGHT HOLDER,3,1/5/2011 15:56,2.95,15464.0,United Kingdom,1,1,8.850000000000001,1.0,32.0,2.55
30515,540257,85123A,WHITE HANGING HEART T-LIGHT HOLDER,6,1/5/2011 17:33,2.95,12748.0,United Kingdom,1,1,17.700000000000003,1.0,3.0,2.95
403709,540259,85123A,WHITE HANGING HEART T-LIGHT HOLDER,12,1/6/2011 9:00,2.95,18226.0,United Kingdom,1,1,35.400000000000006,1.0,6.0,2.95
76160,540268,85123A,WHITE HANGING HEART T-LIGHT HOLDER,32,1/6/2011 11:25,2.55,13458.0,United Kingdom,1,1,81.6,1.0,12.0,2.95
128861,540277,85123A,WHITE HANGING HEART T-LIGHT HOLDER,32,1/6/2011 12:18,2.55,14258.0,United Kingdom,1,1,81.6,1.0,32.0,2.55
238468,540278,85123A,WHITE HANGING HEART T-LIGHT HOLDER,2,1/6/2011 12:31,2.95,15719.0,United Kingdom,1,1,5.9,1.0,32.0,2.55
359897,540288,85123A,WHITE HANGING HEART T-LIGHT HOLDER,2,1/6/2011 12:45,2.95,17634.0,United Kingdom,1,1,5.9,1.0,2.0,2.95
216793,540349,85123A,WHITE HANGING HEART T-LIGHT HOLDER,12,1/6/2011 14:07,2.95,15379.0,United Kingdom,1,1,35.400000000000006,1.0,2.0,2.95
73177,540361,85123A,WHITE HANGING HEART T-LIGHT HOLDER,32,1/6/2011 15:41,2.55,13408.0,United Kingdom,1,1,81.6,1.0,12.0,2.95
145979,540364,85123A,WHITE HANGING HEART T-LIGHT HOLDER,3,1/6/2011 16:03,2.95,14505.0,United Kingdom,1,1,8.850000000000001,1.0,32.0,2.55
133175,540371,85123A,WHITE HANGING HEART T-LIGHT HOLDER,12,1/6/2011 16:35,2.95,14312.0,United Kingdom,1,1,35.400000000000006,1.0,3.0,2.95
51334,540372,85123A,WHITE HANGING HEART T-LIGHT HOLDER,32,1/6/2011 16:41,2.55,13081.0,United Kingdom,1,1,81.6,1.0,12.0,2.95
256875,540408,85123A,WHITE HANGING HEART T-LIGHT HOLDER,250,1/7/2011 9:55,2.55,16013.0,United Kingdom,1,1,637.5,1.0,32.0,2.55
131002,540464,85123A,WHITE HANGING HEART T-LIGHT HOLDER,32,1/7/2011 13:17,2.55,14298.0,United Kingdom,1,1,81.6,1.0,250.0,2.55
402048,540467,85123A,WHITE HANGING HEART T-LIGHT HOLDER,12,1/7/2011 13:39,2.95,18198.0,United Kingdom,1,1,35.400000000000006,1.0,32.0,2.55
11202,540469,85123A,WHITE HANGING HEART T-LIGHT HOLDER,6,1/7/2011 14:04,2.95,12484.0,Spain,1,1,17.700000000000003,1.0,12.0,2.95
232007,540471,85123A,WHITE HANGING HEART T-LIGHT HOLDER,24,1/7/2011 14:21,2.95,15601.0,United Kingdom,1,1,70.80000000000001,1.0,6.0,2.95
84113,540489,85123A,WHITE HANGING HEART T-LIGHT HOLDER,10,1/7/2011 16:32,2.95,13593.0,United Kingdom,1,1,29.5,1.0,24.0,2.95
87809,540504,85123A,WHITE HANGING HEART T-LIGHT HOLDER,2,1/9/2011 11:02,2.95,13668.0,United Kingdom,1,1,5.9,1.0,10.0,2.95
92912,540513,85123A,WHITE HANGING HEART T-LIGHT HOLDER,32,1/9/2011 11:41,2.55,13758.0,United Kingdom,1,1,81.6,1.0,2.0,2.95
237924,540514,85123A,WHITE HANGING HEART T-LIGHT HOLDER,6,1/9/2011 11:43,2.95,15708.0,United Kingdom,1,1,17.700000000000003,1.0,32.0,2.55
327163,540517,85123A,WHITE HANGING HEART T-LIGHT HOLDER,4,1/9/2011 12:02,2.95,17128.0,United Kingdom,1,1,11.8,1.0,6.0,2.95
300148,540524,85123A,WHITE HANGING HEART T-LIGHT HOLDER,15,1/9/2011 12:53,2.95,16735.0,United Kingdom,1,1,44.25,1.0,4.0,2.95
307810,540525,85123A,WHITE HANGING HEART T-LIGHT HOLDER,6,1/9/2011 13:02,2.95,16833.0,United Kingdom,1,1,17.700000000000003,1.0,15.0,2.95
171007,540530,85123A,WHITE HANGING HEART T-LIGHT HOLDER,6,1/9/2011 14:02,2.95,14755.0,United Kingdom,1,1,17.700000000000003,1.0,6.0,2.95
287010,540531,85123A,WHITE HANGING HEART T-LIGHT HOLDER,8,1/9/2011 14:03,2.95,16549.0,United Kingdom,1,1,23.6,1.0,6.0,2.95
405452,540539,85123A,WHITE HANGING HEART T-LIGHT HOLDER,12,1/9/2011 14:42,2.95,18260.0,United Kingdom,1,1,35.400000000000006,1.0,8.0,2.95
200857,540542,85123A,WHITE HANGING HEART T-LIGHT HOLDER,6,1/9/2011 15:18,2.95,15107.0,United Kingdom,1,1,17.700000000000003,1.0,12.0,2.95
275627,540552,85123A,WHITE HANGING HEART T-LIGHT HOLDER,6,1/10/2011 9:44,2.95,16350.0,United Kingdom,2,1,17.700000000000003,1.0,6.0,2.95
344755,540647,85123A,WHITE HANGING HEART T-LIGHT HOLDER,6,1/10/2011 14:57,2.95,17406.0,United Kingdom,2,1,17.700000000000003,2.0,6.0,2.95
347372,540689,85123A,WHITE HANGING HEART T-LIGHT HOLDER,1010,1/11/2011 8:43,3.24,17450.0,United Kingdom,2,1,3272.4,2.0,6.0,2.95
133390,540692,85123A,WHITE HANGING HEART T-LIGHT HOLDER,6,1/11/2011 9:12,2.95,14320.0,United Kingdom,2,1,17.700000000000003,2.0,1010.0,3.24
234290,540701,85123A,WHITE HANGING HEART T-LIGHT HOLDER,32,1/11/2011 9:48,2.55,15640.0,United Kingdom,2,1,81.6,2.0,6.0,2.95
368106,540704,85123A,WHITE HANGING HEART T-LIGHT HOLDER,24,1/11/2011 10:04,2.95,17742.0,United Kingdom,2,1,70.80000000000001,2.0,32.0,2.55
94897,540800,85123A,WHITE HANGING HEART T-LIGHT HOLDER,32,1/11/2011 12:20,2.55,13798.0,United Kingdom,2,1,81.6,2.0,24.0,2.95
163914,540813,85123A,WHITE HANGING HEART T-LIGHT HOLDER,2,1/11/2011 12:41,2.95,14669.0,United Kingdom,2,1,5.9,2.0,32.0,2.55
240733,540815,85123A,WHITE HANGING HEART T-LIGHT HOLDER,1930,1/11/2011 12:55,2.55,15749.0,United Kingdom,2,1,4921.5,2.0,2.0,2.95
126046,540817,85123A,WHITE HANGING HEART T-LIGHT HOLDER,32,1/11/2011 12:56,2.55,14209.0,United Kingdom,2,1,81.6,2.0,1930.0,2.55
55720,540826,85123A,WHITE HANGING HEART T-LIGHT HOLDER,12,1/11/2011 14:00,2.95,13102.0,United Kingdom,2,1,35.400000000000006,2.0,32.0,2.55
170091,540834,85123A,WHITE HANGING HEART T-LIGHT HOLDER,32,1/11/2011 14:50,2.55,14733.0,United Kingdom,2,1,81.6,2.0,12.0,2.95
304955,540839,85123A,WHITE HANGING HEART T-LIGHT HOLDER,2,1/11/2011 15:42,2.95,16791.0,United Kingdom,2,1,5.9,2.0,32.0,2.55
426864,540848,85123A,WHITE HANGING HEART T-LIGHT HOLDER,2,1/12/2011 9:26,5.91,,United Kingdom,2,1,11.82,2.0,2.0,2.95
389469,540859,85123A,WHITE HANGING HEART T-LIGHT HOLDER,6,1/12/2011 10:58,2.95,17965.0,United Kingdom,2,1,17.700000000000003,2.0,2.0,5.91
252558,540862,85123A,WHITE HANGING HEART T-LIGHT HOLDER,32,1/12/2011 11:18,2.55,15953.0,United Kingdom,2,1,81.6,2.0,6.0,2.95
78005,540907,85123A,WHITE HANGING HEART T-LIGHT HOLDER,12,1/12/2011 11:52,2.95,13488.0,United Kingdom,2,1,35.400000000000006,2.0,32.0,2.55
375407,540943,85123A,WHITE HANGING HEART T-LIGHT HOLDER,1,1/12/2011 12:31,2.95,17841.0,United Kingdom,2,1,2.95,2.0,12.0,2.95
154337,540953,85123A,WHITE HANGING HEART T-LIGHT HOLDER,1,1/12/2011 13:16,2.95,14587.0,United Kingdom,2,1,2.95,2.0,1.0,2.95
154344,540953,85123A,WHITE HANGING HEART T-LIGHT HOLDER,1,1/12/2011 13:16,2.95,14587.0,United Kingdom,2,1,2.95,2.0,1.0,2.95
168474,540955,85123A,WHITE HANGING HEART T-LIGHT HOLDER,4,1/12/2011 13:27,2.95,14715.0,United Kingdom,2,1,11.8,2.0,1.0,2.95
338585,540968,85123A,WHITE HANGING HEART T-LIGHT HOLDER,3,1/12/2011 13:40,2.95,17338.0,United Kingdom,2,1,8.850000000000001,2.0,4.0,2.95
427052,540977,85123A,WHITE HANGING HEART T-LIGHT HOLDER,1,1/12/2011 15:01,5.91,,United Kingdom,2,1,5.91,2.0,3.0,2.95
239794,540979,85123A,WHITE HANGING HEART T-LIGHT HOLDER,8,1/12/2011 15:06,2.95,15727.0,United Kingdom,2,1,23.6,2.0,1.0,5.91
40494,540981,85123A,WHITE HANGING HEART T-LIGHT HOLDER,6,1/12/2011 15:25,2.95,12868.0,United Kingdom,2,1,17.700000000000003,2.0,8.0,2.95
321484,540990,85123A,WHITE HANGING HEART T-LIGHT HOLDER,6,1/12/2011 16:51,2.95,17048.0,United Kingdom,2,1,17.700000000000003,2.0,6.0,2.95
427559,540995,85123A,WHITE HANGING HEART T-LIGHT HOLDER,1,1/13/2011 9:30,5.79,,United Kingdom,2,1,5.79,2.0,6.0,2.95
401816,541004,85123A,WHITE HANGING HEART T-LIGHT HOLDER,6,1/13/2011 10:35,2.95,18190.0,United Kingdom,2,1,17.700000000000003,2.0,1.0,5.79
427703,541104,85123A,WHITE HANGING HEART T-LIGHT HOLDER,1,1/13/2011 14:29,5.79,,United Kingdom,2,1,5.79,2.0,6.0,2.95
232767,541134,85123A,WHITE HANGING HEART T-LIGHT HOLDER,32,1/14/2011 10:20,2.55,15615.0,United Kingdom,2,1,81.6,2.0,1.0,5.79
396338,541205,85123A,WHITE HANGING HEART T-LIGHT HOLDER,32,1/14/2011 12:23,2.55,18106.0,United Kingdom,2,1,81.6,2.0,32.0,2.55
363731,541207,85123A,WHITE HANGING HEART T-LIGHT HOLDER,12,1/14/2011 12:27,2.95,17685.0,United Kingdom,2,1,35.400000000000006,2.0,32.0,2.55
133630,541215,85123A,WHITE HANGING HEART T-LIGHT HOLDER,12,1/14/2011 13:42,2.95,14329.0,United Kingdom,2,1,35.400000000000006,2.0,12.0,2.95
388515,541223,85123A,WHITE HANGING HEART T-LIGHT HOLDER,1,1/14/2011 14:39,2.95,17954.0,United Kingdom,2,1,2.95,2.0,12.0,2.95
94576,541241,85123A,WHITE HANGING HEART T-LIGHT HOLDER,2,1/16/2011 11:08,2.95,13782.0,United Kingdom,2,1,5.9,2.0,1.0,2.95
49993,541252,85123A,WHITE HANGING HEART T-LIGHT HOLDER,20,1/16/2011 13:41,2.95,13064.0,United Kingdom,2,1,59.0,2.0,2.0,2.95
393973,541262,85123A,WHITE HANGING HEART T-LIGHT HOLDER,1,1/16/2011 15:50,2.95,18069.0,United Kingdom,2,1,2.95,2.0,20.0,2.95
40664,541268,85123A,WHITE HANGING HEART T-LIGHT HOLDER,10,1/17/2011 10:52,2.95,12872.0,United Kingdom,3,1,29.5,2.0,1.0,2.95
123744,541275,85123A,WHITE HANGING HEART T-LIGHT HOLDER,12,1/17/2011 11:28,2.95,14176.0,United Kingdom,3,1,35.400000000000006,3.0,10.0,2.95
210202,541280,85123A,WHITE HANGING HEART T-LIGHT HOLDER,12,1/17/2011 11:57,2.95,15296.0,United Kingdom,3,1,35.400000000000006,3.0,12.0,2.95
37181,541283,85123A,WHITE HANGING HEART T-LIGHT HOLDER,6,1/17/2011 12:34,2.95,12820.0,United Kingdom,3,1,17.700000000000003,3.0,12.0,2.95
103382,541286,85123A,WHITE HANGING HEART T-LIGHT HOLDER,32,1/17/2011 13:08,2.55,13982.0,United Kingdom,3,1,81.6,3.0,6.0,2.95
147696,541288,85123A,WHITE HANGING HEART T-LIGHT HOLDER,62,1/17/2011 13:21,2.55,14525.0,United Kingdom,3,1,158.1,3.0,32.0,2.55
155845,541289,85123A,WHITE HANGING HEART T-LIGHT HOLDER,5,1/17/2011 13:23,2.95,14606.0,United Kingdom,3,1,14.75,3.0,62.0,2.55
93804,541302,85123A,WHITE HANGING HEART T-LIGHT HOLDER,6,1/17/2011 14:18,2.95,13769.0,United Kingdom,3,1,17.700000000000003,3.0,5.0,2.95
62200,541316,85123A,WHITE HANGING HEART T-LIGHT HOLDER,18,1/17/2011 14:27,2.95,13209.0,United Kingdom,3,1,53.1,3.0,6.0,2.95
97644,541413,85123A,WHITE HANGING HEART T-LIGHT HOLDER,3,1/17/2011 16:14,2.95,13859.0,United Kingdom,3,1,8.850000000000001,3.0,18.0,2.95
402765,541414,85123A,WHITE HANGING HEART T-LIGHT HOLDER,8,1/17/2011 16:14,2.95,18212.0,United Kingdom,3,1,23.6,3.0,3.0,2.95
429690,541423,85123A,WHITE HANGING HEART T-LIGHT HOLDER,24,1/17/2011 17:54,2.95,,United Kingdom,3,1,70.80000000000001,3.0,8.0,2.95
430099,541424,85123A,WHITE HANGING HEART T-LIGHT HOLDER,22,1/17/2011 17:57,2.95,,United Kingdom,3,1,64.9,3.0,24.0,2.95
128118,541428,85123A,WHITE HANGING HEART T-LIGHT HOLDER,6,1/18/2011 8:53,2.95,14242.0,United Kingdom,3,1,17.700000000000003,3.0,22.0,2.95
396452,541486,85123A,WHITE HANGING HEART T-LIGHT HOLDER,3,1/18/2011 13:15,2.95,18109.0,United Kingdom,3,1,8.850000000000001,3.0,6.0,2.95
138441,541504,85123A,WHITE HANGING HEART T-LIGHT HOLDER,6,1/18/2011 15:37,2.95,14415.0,United Kingdom,3,1,17.700000000000003,3.0,3.0,2.95
64740,541509,85123A,WHITE HANGING HEART T-LIGHT HOLDER,1,1/18/2011 16:31,2.95,13263.0,United Kingdom,3,1,2.95,3.0,6.0,2.95
139867,541510,85123A,WHITE HANGING HEART T-LIGHT HOLDER,2,1/18/2011 16:39,2.95,14428.0,United Kingdom,3,1,5.9,3.0,1.0,2.95
311597,541564,85123A,WHITE HANGING HEART T-LIGHT HOLDER,1,1/19/2011 11:38,2.95,16904.0,United Kingdom,3,1,2.95,3.0,2.0,2.95
148125,541565,85123A,WHITE HANGING HEART T-LIGHT HOLDER,3,1/19/2011 11:48,2.95,14527.0,United Kingdom,3,1,8.850000000000001,3.0,1.0,2.95
159748,541570,85123A,WHITE HANGING HEART T-LIGHT HOLDER,256,1/19/2011 12:34,2.55,14646.0,Netherlands,3,1,652.8,3.0,3.0,2.95
132895,541588,85123A,WHITE HANGING HEART T-LIGHT HOLDER,6,1/19/2011 14:43,2.95,14307.0,United Kingdom,3,1,17.700000000000003,3.0,256.0,2.55
356912,541596,85123A,WHITE HANGING HEART T-LIGHT HOLDER,5,1/19/2011 16:19,2.95,17602.0,United Kingdom,3,1,14.75,3.0,6.0,2.95
273817,541657,85123A,WHITE HANGING HEART T-LIGHT HOLDER,6,1/20/2011 12:11,2.95,16321.0,Australia,3,1,17.700000000000003,3.0,5.0,2.95
371235,541660,85123A,WHITE HANGING HEART T-LIGHT HOLDER,3,1/20/2011 12:20,2.95,17787.0,United Kingdom,3,1,8.850000000000001,3.0,6.0,2.95
371253,541660,85123A,WHITE HANGING HEART T-LIGHT HOLDER,3,1/20/2011 12:20,2.95,17787.0,United Kingdom,3,1,8.850000000000001,3.0,3.0,2.95
337001,541669,85123A,WHITE HANGING HEART T-LIGHT HOLDER,3,1/20/2011 12:29,2.95,17315.0,United Kingdom,3,1,8.850000000000001,3.0,3.0,2.95
216831,541676,85123A,WHITE HANGING HEART T-LIGHT HOLDER,12,1/20/2011 14:01,2.95,15379.0,United Kingdom,3,1,35.400000000000006,3.0,3.0,2.95
172791,541682,85123A,WHITE HANGING HEART T-LIGHT HOLDER,12,1/20/2011 15:00,2.95,14770.0,United Kingdom,3,1,35.400000000000006,3.0,12.0,2.95
432485,541696,85123A,WHITE HANGING HEART T-LIGHT HOLDER,3,1/20/2011 18:08,2.95,,United Kingdom,3,1,8.850000000000001,3.0,12.0,2.95
111691,541789,85123A,WHITE HANGING HEART T-LIGHT HOLDER,48,1/21/2011 13:07,2.55,14088.0,United Kingdom,3,1,122.39999999999999,3.0,3.0,2.95
432537,541809,85123a,WHITE HANGING HEART T-LIGHT HOLDER,1,1/21/2011 14:58,6.63,,United Kingdom,3,1,6.63,3.0,48.0,2.55
404642,541813,85123A,WHITE HANGING HEART T-LIGHT HOLDER,12,1/21/2011 15:36,2.95,18239.0,United Kingdom,3,1,35.400000000000006,3.0,1.0,6.63
371914,541816,85123A,WHITE HANGING HEART T-LIGHT HOLDER,3,1/21/2011 15:56,2.95,17799.0,United Kingdom,3,1,8.850000000000001,3.0,12.0,2.95
41932,541838,85123A,WHITE HANGING HEART T-LIGHT HOLDER,32,1/23/2011 10:43,2.55,12916.0,United Kingdom,3,1,81.6,3.0,3.0,2.95
87554,541843,85123A,WHITE HANGING HEART T-LIGHT HOLDER,2,1/23/2011 12:08,2.95,13659.0,United Kingdom,3,1,5.9,3.0,32.0,2.55
87550,541843,85123A,WHITE HANGING HEART T-LIGHT HOLDER,1,1/23/2011 12:08,2.95,13659.0,United Kingdom,3,1,2.95,3.0,2.0,2.95
63168,541849,85123A,WHITE HANGING HEART T-LIGHT HOLDER,1,1/23/2011 13:34,2.95,13230.0,United Kingdom,3,1,2.95,3.0,1.0,2.95
91752,541855,85123A,WHITE HANGING HEART T-LIGHT HOLDER,1,1/23/2011 14:59,2.95,13742.0,United Kingdom,3,1,2.95,3.0,1.0,2.95
110179,541862,85123A,WHITE HANGING HEART T-LIGHT HOLDER,10,1/23/2011 16:02,2.95,14068.0,United Kingdom,3,1,29.5,3.0,1.0,2.95
433456,541870,85123A,WHITE HANGING HEART T-LIGHT HOLDER,2,1/24/2011 9:39,5.79,,United Kingdom,4,1,11.58,3.0,10.0,2.95
433915,541971,85123A,WHITE HANGING HEART T-LIGHT HOLDER,1,1/24/2011 13:48,5.79,,United Kingdom,4,1,5.79,4.0,2.0,5.79
180729,541979,85123A,WHITE HANGING HEART T-LIGHT HOLDER,6,1/24/2011 14:54,2.95,14911.0,EIRE,4,1,17.700000000000003,4.0,1.0,5.79
197425,541985,85123A,WHITE HANGING HEART T-LIGHT HOLDER,2,1/24/2011 15:52,2.95,15052.0,United Kingdom,4,1,5.9,4.0,6.0,2.95
434059,541993,85123a,WHITE HANGING HEART T-LIGHT HOLDER,1,1/25/2011 9:37,6.63,,United Kingdom,4,1,6.63,4.0,2.0,2.95
394553,541996,85123A,WHITE HANGING HEART T-LIGHT HOLDER,12,1/25/2011 10:20,2.95,18075.0,United Kingdom,4,1,35.400000000000006,4.0,1.0,6.63
399863,542079,85123A,WHITE HANGING HEART T-LIGHT HOLDER,32,1/25/2011 12:15,2.55,18144.0,United Kingdom,4,1,81.6,4.0,12.0,2.95
29559,542102,85123A,WHITE HANGING HEART T-LIGHT HOLDER,18,1/25/2011 13:26,2.95,12744.0,Singapore,4,1,53.1,4.0,32.0,2.55
39339,542105,85123A,WHITE HANGING HEART T-LIGHT HOLDER,6,1/25/2011 13:35,2.95,12854.0,United Kingdom,4,1,17.700000000000003,4.0,18.0,2.95
269062,542107,85123A,WHITE HANGING HEART T-LIGHT HOLDER,6,1/25/2011 13:38,2.95,16222.0,United Kingdom,4,1,17.700000000000003,4.0,6.0,2.95
348119,542108,85123A,WHITE HANGING HEART T-LIGHT HOLDER,12,1/25/2011 13:43,2.95,17460.0,United Kingdom,4,1,35.400000000000006,4.0,6.0,2.95
434415,542115,85123a,WHITE HANGING HEART T-LIGHT HOLDER,4,1/25/2011 14:01,6.63,,United Kingdom,4,1,26.52,4.0,12.0,2.95
76794,542130,85123A,WHITE HANGING HEART T-LIGHT HOLDER,6,1/25/2011 15:36,2.95,13468.0,United Kingdom,4,1,17.700000000000003,4.0,4.0,6.63
151739,542141,85123A,WHITE HANGING HEART T-LIGHT HOLDER,96,1/26/2011 8:38,2.55,14548.0,United Kingdom,4,1,244.79999999999998,4.0,6.0,2.95
260023,542174,85123A,WHITE HANGING HEART T-LIGHT HOLDER,6,1/26/2011 11:14,2.95,16043.0,United Kingdom,4,1,17.700000000000003,4.0,96.0,2.55
324131,542226,85123A,WHITE HANGING HEART T-LIGHT HOLDER,12,1/26/2011 13:20,2.95,17075.0,United Kingdom,4,1,35.400000000000006,4.0,6.0,2.95
297796,542231,85123A,WHITE HANGING HEART T-LIGHT HOLDER,6,1/26/2011 13:40,2.95,16714.0,United Kingdom,4,1,17.700000000000003,4.0,12.0,2.95
371127,542239,85123A,WHITE HANGING HEART T-LIGHT HOLDER,2,1/26/2011 14:35,2.95,17786.0,United Kingdom,4,1,5.9,4.0,6.0,2.95
371147,542239,85123A,WHITE HANGING HEART T-LIGHT HOLDER,2,1/26/2011 14:35,2.95,17786.0,United Kingdom,4,1,5.9,4.0,2.0,2.95
46235,542247,85123A,WHITE HANGING HEART T-LIGHT HOLDER,32,1/26/2011 15:49,2.55,12997.0,United Kingdom,4,1,81.6,4.0,2.0,2.95
434611,542255,85123A,WHITE HANGING HEART T-LIGHT HOLDER,6,1/26/2011 16:43,5.79,,United Kingdom,4,1,34.74,4.0,32.0,2.55
342451,542258,85123A,WHITE HANGING HEART T-LIGHT HOLDER,12,1/26/2011 17:08,2.95,17372.0,United Kingdom,4,1,35.400000000000006,4.0,6.0,5.79
313631,542266,85123A,WHITE HANGING HEART T-LIGHT HOLDER,9,1/26/2011 17:37,2.95,16918.0,United Kingdom,4,1,26.55,4.0,12.0,2.95
304592,542274,85123A,WHITE HANGING HEART T-LIGHT HOLDER,6,1/27/2011 10:02,2.95,16782.0,United Kingdom,4,1,17.700000000000003,4.0,9.0,2.95
140495,542277,85123A,WHITE HANGING HEART T-LIGHT HOLDER,32,1/27/2011 10:30,2.55,14440.0,United Kingdom,4,1,81.6,4.0,6.0,2.95
295273,542353,85123A,WHITE HANGING HEART T-LIGHT HOLDER,6,1/27/2011 12:19,2.95,16700.0,United Kingdom,4,1,17.700000000000003,4.0,32.0,2.55
166266,542360,85123A,WHITE HANGING HEART T-LIGHT HOLDER,2,1/27/2011 12:40,2.95,14701.0,United Kingdom,4,1,5.9,4.0,6.0,2.95
330627,542381,85123A,WHITE HANGING HEART T-LIGHT HOLDER,6,1/27/2011 14:07,2.95,17213.0,United Kingdom,4,1,17.700000000000003,4.0,2.0,2.95
127950,542388,85123A,WHITE HANGING HEART T-LIGHT HOLDER,6,1/27/2011 14:45,2.95,14239.0,United Kingdom,4,1,17.700000000000003,4.0,6.0,2.95
399227,542393,85123A,WHITE HANGING HEART T-LIGHT HOLDER,4,1/27/2011 15:02,2.95,18125.0,United Kingdom,4,1,11.8,4.0,6.0,2.95
60439,542398,85123A,WHITE HANGING HEART T-LIGHT HOLDER,2,1/27/2011 15:36,2.95,13174.0,United Kingdom,4,1,5.9,4.0,4.0,2.95
301836,542434,85123A,WHITE HANGING HEART T-LIGHT HOLDER,12,1/28/2011 10:47,2.95,16755.0,United Kingdom,4,1,35.400000000000006,4.0,2.0,2.95
119637,542470,85123A,WHITE HANGING HEART T-LIGHT HOLDER,12,1/28/2011 11:27,2.95,14133.0,United Kingdom,4,1,35.400000000000006,4.0,12.0,2.95
228056,542520,85123A,WHITE HANGING HEART T-LIGHT HOLDER,5,1/28/2011 12:21,2.95,15547.0,United Kingdom,4,1,14.75,4.0,12.0,2.95
216033,542530,85123A,WHITE HANGING HEART T-LIGHT HOLDER,6,1/28/2011 13:08,2.95,15365.0,United Kingdom,4,1,17.700000000000003,4.0,5.0,2.95
199918,542538,85123A,WHITE HANGING HEART T-LIGHT HOLDER,32,1/28/2011 13:54,2.55,15079.0,United Kingdom,4,1,81.6,4.0,6.0,2.95
435041,542541,85123A,WHITE HANGING HEART T-LIGHT HOLDER,1,1/28/2011 14:25,5.79,,United Kingdom,4,1,5.79,4.0,32.0,2.55
106900,542595,85123A,WHITE HANGING HEART T-LIGHT HOLDER,32,1/30/2011 10:19,2.55,14040.0,United Kingdom,4,1,81.6,4.0,1.0,5.79
231185,542602,85123A,WHITE HANGING HEART T-LIGHT HOLDER,2,1/30/2011 12:09,2.95,15579.0,United Kingdom,4,1,5.9,4.0,32.0,2.55
319044,542603,85123A,WHITE HANGING HEART T-LIGHT HOLDER,32,1/30/2011 12:09,2.55,16985.0,United Kingdom,4,1,81.6,4.0,2.0,2.95
155224,542606,85123A,WHITE HANGING HEART T-LIGHT HOLDER,20,1/30/2011 13:36,2.95,14595.0,United Kingdom,4,1,59.0,4.0,32.0,2.55
58912,542607,85123A,WHITE HANGING HEART T-LIGHT HOLDER,6,1/30/2011 13:48,2.95,13148.0,United Kingdom,4,1,17.700000000000003,4.0,20.0,2.95
303312,542608,85123A,WHITE HANGING HEART T-LIGHT HOLDER,4,1/30/2011 13:51,2.95,16770.0,United Kingdom,4,1,11.8,4.0,6.0,2.95
59756,542609,85123A,WHITE HANGING HEART T-LIGHT HOLDER,8,1/30/2011 14:03,2.95,13161.0,United Kingdom,4,1,23.6,4.0,4.0,2.95
218289,542611,85123A,WHITE HANGING HEART T-LIGHT HOLDER,6,1/30/2011 14:13,2.95,15415.0,United Kingdom,4,1,17.700000000000003,4.0,8.0,2.95
237970,542614,85123A,WHITE HANGING HEART T-LIGHT HOLDER,12,1/30/2011 14:37,2.95,15708.0,United Kingdom,4,1,35.400000000000006,4.0,6.0,2.95
144975,542618,85123A,WHITE HANGING HEART T-LIGHT HOLDER,1,1/30/2011 15:52,2.95,14502.0,United Kingdom,4,1,2.95,4.0,12.0,2.95
435268,542622,85123A,WHITE HANGING HEART T-LIGHT HOLDER,1,1/31/2011 9:09,5.79,,United Kingdom,5,1,5.79,4.0,1.0,2.95
333506,542623,85123A,WHITE HANGING HEART T-LIGHT HOLDER,24,1/31/2011 9:41,2.95,17239.0,United Kingdom,5,1,70.80000000000001,5.0,1.0,5.79
435440,542624,85123a,WHITE HANGING HEART T-LIGHT HOLDER,1,1/31/2011 9:48,6.63,,United Kingdom,5,1,6.63,5.0,24.0,2.95
435503,542625,85123a,WHITE HANGING HEART T-LIGHT HOLDER,1,1/31/2011 9:50,6.63,,United Kingdom,5,1,6.63,5.0,1.0,6.63
386116,542711,85123A,WHITE HANGING HEART T-LIGHT HOLDER,1,1/31/2011 13:19,2.95,17894.0,United Kingdom,5,1,2.95,5.0,1.0,6.63
354796,542717,85123A,WHITE HANGING HEART T-LIGHT HOLDER,1,1/31/2011 14:07,2.95,17580.0,United Kingdom,5,1,2.95,5.0,1.0,2.95
359094,542719,85123A,WHITE HANGING HEART T-LIGHT HOLDER,2,1/31/2011 14:18,2.95,17619.0,United Kingdom,5,1,5.9,5.0,1.0,2.95
180834,542777,85123A,WHITE HANGING HEART T-LIGHT HOLDER,6,2/1/2011 8:31,2.95,14911.0,EIRE,5,2,17.700000000000003,5.0,2.0,2.95
362454,542780,85123A,WHITE HANGING HEART T-LIGHT HOLDER,32,2/1/2011 9:38,2.55,17675.0,United Kingdom,5,2,81.6,5.0,6.0,2.95
350394,542789,85123A,WHITE HANGING HEART T-LIGHT HOLDER,32,2/1/2011 10:38,2.55,17511.0,United Kingdom,5,2,81.6,5.0,32.0,2.55
290877,542790,85123A,WHITE HANGING HEART T-LIGHT HOLDER,6,2/1/2011 10:38,2.95,16612.0,United Kingdom,5,2,17.700000000000003,5.0,32.0,2.55
37656,542806,85123A,WHITE HANGING HEART T-LIGHT HOLDER,33,2/1/2011 11:20,2.55,12836.0,United Kingdom,5,2,84.14999999999999,5.0,6.0,2.95
295731,542891,85123A,WHITE HANGING HEART T-LIGHT HOLDER,64,2/1/2011 13:26,2.55,16705.0,United Kingdom,5,2,163.2,5.0,33.0,2.55
151786,542895,85123A,WHITE HANGING HEART T-LIGHT HOLDER,3,2/1/2011 13:47,2.95,14549.0,United Kingdom,5,2,8.850000000000001,5.0,64.0,2.55
246837,542897,85123A,WHITE HANGING HEART T-LIGHT HOLDER,6,2/1/2011 13:55,2.95,15854.0,United Kingdom,5,2,17.700000000000003,5.0,3.0,2.95
435832,542906,85123A,WHITE HANGING HEART T-LIGHT HOLDER,1,2/1/2011 15:12,5.79,,United Kingdom,5,2,5.79,5.0,6.0,2.95
56123,542908,85123A,WHITE HANGING HEART T-LIGHT HOLDER,12,2/1/2011 15:24,2.95,13110.0,United Kingdom,5,2,35.400000000000006,5.0,1.0,5.79
163133,542923,85123A,WHITE HANGING HEART T-LIGHT HOLDER,6,2/2/2011 9:08,2.95,14665.0,United Kingdom,5,2,17.700000000000003,5.0,12.0,2.95
52670,542932,85123A,WHITE HANGING HEART T-LIGHT HOLDER,32,2/2/2011 10:54,2.55,13089.0,United Kingdom,5,2,81.6,5.0,6.0,2.95
54541,542934,85123A,WHITE HANGING HEART T-LIGHT HOLDER,32,2/2/2011 11:01,2.55,13093.0,United Kingdom,5,2,81.6,5.0,32.0,2.55
332135,542994,85123A,WHITE HANGING HEART T-LIGHT HOLDER,64,2/2/2011 12:03,2.55,17230.0,United Kingdom,5,2,163.2,5.0,32.0,2.55
390273,543006,85123A,WHITE HANGING HEART T-LIGHT HOLDER,4,2/2/2011 12:53,2.95,17975.0,United Kingdom,5,2,11.8,5.0,64.0,2.55
208952,543011,85123A,WHITE HANGING HEART T-LIGHT HOLDER,24,2/2/2011 13:25,2.95,15270.0,United Kingdom,5,2,70.80000000000001,5.0,4.0,2.95
436371,543013,85123A,WHITE HANGING HEART T-LIGHT HOLDER,3,2/2/2011 13:35,5.79,,United Kingdom,5,2,17.37,5.0,24.0,2.95
190199,543020,85123A,WHITE HANGING HEART T-LIGHT HOLDER,2,2/2/2011 14:29,2.95,15005.0,United Kingdom,5,2,5.9,5.0,3.0,5.79
303500,543022,85123A,WHITE HANGING HEART T-LIGHT HOLDER,6,2/2/2011 14:37,2.95,16771.0,United Kingdom,5,2,17.700000000000003,5.0,2.0,2.95
208965,543023,85123A,WHITE HANGING HEART T-LIGHT HOLDER,12,2/2/2011 14:38,2.95,15270.0,United Kingdom,5,2,35.400000000000006,5.0,6.0,2.95
94314,543024,85123A,WHITE HANGING HEART T-LIGHT HOLDER,24,2/2/2011 14:39,2.55,13777.0,United Kingdom,5,2,61.199999999999996,5.0,12.0,2.95
140686,543028,85123A,WHITE HANGING HEART T-LIGHT HOLDER,6,2/2/2011 15:09,2.95,14443.0,United Kingdom,5,2,17.700000000000003,5.0,24.0,2.55
174529,543031,85123A,WHITE HANGING HEART T-LIGHT HOLDER,6,2/2/2011 15:26,2.95,14798.0,United Kingdom,5,2,17.700000000000003,5.0,6.0,2.95
337981,543040,85123A,WHITE HANGING HEART T-LIGHT HOLDER,1,2/2/2011 17:06,2.95,17337.0,United Kingdom,5,2,2.95,5.0,6.0,2.95
268514,543047,85123A,WHITE HANGING HEART T-LIGHT HOLDER,6,2/3/2011 9:42,2.95,16210.0,United Kingdom,5,2,17.700000000000003,5.0,1.0,2.95
341177,543053,85123A,WHITE HANGING HEART T-LIGHT HOLDER,1,2/3/2011 10:26,2.95,17362.0,United Kingdom,5,2,2.95,5.0,6.0,2.95
436536,543097,85123A,WHITE HANGING HEART T-LIGHT HOLDER,4,2/3/2011 11:41,5.79,,United Kingdom,5,2,23.16,5.0,1.0,2.95
111285,543108,85123A,WHITE HANGING HEART T-LIGHT HOLDER,3,2/3/2011 12:37,2.95,14085.0,United Kingdom,5,2,8.850000000000001,5.0,4.0,5.79
238543,543111,85123A,WHITE HANGING HEART T-LIGHT HOLDER,2,2/3/2011 12:44,2.95,15719.0,United Kingdom,5,2,5.9,5.0,3.0,2.95
120505,543114,85123A,WHITE HANGING HEART T-LIGHT HOLDER,32,2/3/2011 13:26,2.55,14156.0,EIRE,5,2,81.6,5.0,2.0,2.95
401269,543123,85123A,WHITE HANGING HEART T-LIGHT HOLDER,6,2/3/2011 14:08,2.95,18178.0,United Kingdom,5,2,17.700000000000003,5.0,32.0,2.55
83636,543126,85123A,WHITE HANGING HEART T-LIGHT HOLDER,6,2/3/2011 14:41,2.95,13581.0,United Kingdom,5,2,17.700000000000003,5.0,6.0,2.95
63181,543165,85123A,WHITE HANGING HEART T-LIGHT HOLDER,3,2/3/2011 19:58,2.95,13230.0,United Kingdom,5,2,8.850000000000001,5.0,6.0,2.95
78030,543166,85123A,WHITE HANGING HEART T-LIGHT HOLDER,6,2/4/2011 8:27,2.95,13488.0,United Kingdom,5,2,17.700000000000003,5.0,3.0,2.95
316425,543174,85123A,WHITE HANGING HEART T-LIGHT HOLDER,12,2/4/2011 9:34,2.95,16938.0,United Kingdom,5,2,35.400000000000006,5.0,6.0,2.95
173056,543187,85123A,WHITE HANGING HEART T-LIGHT HOLDER,6,2/4/2011 11:43,2.95,14778.0,United Kingdom,5,2,17.700000000000003,5.0,12.0,2.95
55744,543199,85123A,WHITE HANGING HEART T-LIGHT HOLDER,12,2/4/2011 12:40,2.95,13102.0,United Kingdom,5,2,35.400000000000006,5.0,6.0,2.95
125235,543251,85123A,WHITE HANGING HEART T-LIGHT HOLDER,6,2/4/2011 14:51,2.95,14194.0,United Kingdom,5,2,17.700000000000003,5.0,12.0,2.95
175424,543272,85123A,WHITE HANGING HEART T-LIGHT HOLDER,2,2/6/2011 11:11,2.95,14810.0,United Kingdom,5,2,5.9,5.0,6.0,2.95
286314,543276,85123A,WHITE HANGING HEART T-LIGHT HOLDER,32,2/6/2011 13:57,2.55,16525.0,United Kingdom,5,2,81.6,5.0,2.0,2.95
44701,543282,85123A,WHITE HANGING HEART T-LIGHT HOLDER,1,2/6/2011 16:08,2.95,12956.0,United Kingdom,5,2,2.95,5.0,32.0,2.55
358561,543293,85123A,WHITE HANGING HEART T-LIGHT HOLDER,6,2/7/2011 11:20,2.95,17613.0,United Kingdom,6,2,17.700000000000003,5.0,1.0,2.95
70357,543300,85123A,WHITE HANGING HEART T-LIGHT HOLDER,32,2/7/2011 11:42,2.55,13334.0,United Kingdom,6,2,81.6,6.0,6.0,2.95
437134,543345,85123A,WHITE HANGING HEART T-LIGHT HOLDER,2,2/7/2011 12:29,5.79,,United Kingdom,6,2,11.58,6.0,32.0,2.55
95681,543350,85123A,WHITE HANGING HEART T-LIGHT HOLDER,8,2/7/2011 13:15,2.95,13809.0,Cyprus,6,2,23.6,6.0,2.0,5.79
437266,543358,85123A,WHITE HANGING HEART T-LIGHT HOLDER,1,2/7/2011 14:04,5.79,,United Kingdom,6,2,5.79,6.0,8.0,2.95
403420,543367,85123A,WHITE HANGING HEART T-LIGHT HOLDER,12,2/7/2011 14:33,2.95,18225.0,United Kingdom,6,2,35.400000000000006,6.0,1.0,5.79
107408,543371,85123A,WHITE HANGING HEART T-LIGHT HOLDER,8,2/7/2011 14:53,2.95,14048.0,United Kingdom,6,2,23.6,6.0,12.0,2.95
143754,543391,85123A,WHITE HANGING HEART T-LIGHT HOLDER,6,2/8/2011 10:12,2.95,14475.0,United Kingdom,6,2,17.700000000000003,6.0,8.0,2.95
243451,543394,85123A,WHITE HANGING HEART T-LIGHT HOLDER,96,2/8/2011 10:17,2.55,15797.0,United Kingdom,6,2,244.79999999999998,6.0,6.0,2.95
282690,543398,85123A,WHITE HANGING HEART T-LIGHT HOLDER,6,2/8/2011 10:47,2.95,16458.0,United Kingdom,6,2,17.700000000000003,6.0,96.0,2.55
55067,543413,85123A,WHITE HANGING HEART T-LIGHT HOLDER,32,2/8/2011 11:32,2.55,13098.0,United Kingdom,6,2,81.6,6.0,6.0,2.95
371279,543428,85123A,WHITE HANGING HEART T-LIGHT HOLDER,6,2/8/2011 11:36,2.95,17787.0,United Kingdom,6,2,17.700000000000003,6.0,32.0,2.55
437721,543467,85123A,WHITE HANGING HEART T-LIGHT HOLDER,2,2/8/2011 14:35,5.79,,United Kingdom,6,2,11.58,6.0,6.0,2.95
138455,543474,85123A,WHITE HANGING HEART T-LIGHT HOLDER,5,2/8/2011 15:09,2.95,14415.0,United Kingdom,6,2,14.75,6.0,2.0,5.79
396461,543529,85123A,WHITE HANGING HEART T-LIGHT HOLDER,5,2/9/2011 12:16,2.95,18109.0,United Kingdom,6,2,14.75,6.0,5.0,2.95
8190,543541,85123A,WHITE HANGING HEART T-LIGHT HOLDER,6,2/9/2011 14:44,2.95,12462.0,Spain,6,2,17.700000000000003,6.0,5.0,2.95
438200,543546,85123A,WHITE HANGING HEART T-LIGHT HOLDER,1,2/9/2011 16:52,5.79,,United Kingdom,6,2,5.79,6.0,6.0,2.95
340992,543547,85123A,WHITE HANGING HEART T-LIGHT HOLDER,2,2/9/2011 16:57,2.95,17358.0,United Kingdom,6,2,5.9,6.0,1.0,5.79
363895,543555,85123A,WHITE HANGING HEART T-LIGHT HOLDER,32,2/10/2011 10:18,2.55,17686.0,United Kingdom,6,2,81.6,6.0,2.0,2.95
333626,543592,85123A,WHITE HANGING HEART T-LIGHT HOLDER,9,2/10/2011 11:57,2.95,17243.0,United Kingdom,6,2,26.55,6.0,32.0,2.55
243333,543626,85123A,WHITE HANGING HEART T-LIGHT HOLDER,12,2/10/2011 15:40,2.95,15796.0,United Kingdom,6,2,35.400000000000006,6.0,9.0,2.95
110900,543631,85123A,WHITE HANGING HEART T-LIGHT HOLDER,4,2/10/2011 16:17,2.95,14081.0,United Kingdom,6,2,11.8,6.0,12.0,2.95
152244,543641,85123A,WHITE HANGING HEART T-LIGHT HOLDER,4,2/10/2011 17:19,2.95,14555.0,United Kingdom,6,2,11.8,6.0,4.0,2.95
371376,543646,85123A,WHITE HANGING HEART T-LIGHT HOLDER,5,2/10/2011 19:44,2.95,17790.0,United Kingdom,6,2,14.75,6.0,4.0,2.95
397711,543668,85123A,WHITE HANGING HEART T-LIGHT HOLDER,3,2/11/2011 11:17,2.95,18118.0,United Kingdom,6,2,8.850000000000001,6.0,5.0,2.95
256884,543675,85123A,WHITE HANGING HEART T-LIGHT HOLDER,150,2/11/2011 11:31,2.55,16013.0,United Kingdom,6,2,382.5,6.0,3.0,2.95
351308,543734,85123A,WHITE HANGING HEART T-LIGHT HOLDER,12,2/11/2011 12:22,2.95,17512.0,United Kingdom,6,2,35.400000000000006,6.0,150.0,2.55
196541,543736,85123A,WHITE HANGING HEART T-LIGHT HOLDER,12,2/11/2011 12:36,2.95,15044.0,United Kingdom,6,2,35.400000000000006,6.0,12.0,2.95
247091,543774,85123A,WHITE HANGING HEART T-LIGHT HOLDER,32,2/11/2011 15:56,2.55,15856.0,United Kingdom,6,2,81.6,6.0,12.0,2.95
91887,543802,85123A,WHITE HANGING HEART T-LIGHT HOLDER,4,2/13/2011 12:03,2.95,13742.0,United Kingdom,6,2,11.8,6.0,32.0,2.55
327007,543803,85123A,WHITE HANGING HEART T-LIGHT HOLDER,2,2/13/2011 12:05,2.95,17126.0,United Kingdom,6,2,5.9,6.0,4.0,2.95
438912,543826,85123A,WHITE HANGING HEART T-LIGHT HOLDER,1,2/14/2011 9:41,5.79,,United Kingdom,7,2,5.79,6.0,2.0,2.95
128875,543852,85123A,WHITE HANGING HEART T-LIGHT HOLDER,64,2/14/2011 11:57,2.55,14258.0,United Kingdom,7,2,163.2,7.0,1.0,5.79
439075,543909,85123A,WHITE HANGING HEART T-LIGHT HOLDER,1,2/14/2011 12:32,5.79,,United Kingdom,7,2,5.79,7.0,64.0,2.55
106609,544055,85123A,WHITE HANGING HEART T-LIGHT HOLDER,12,2/15/2011 12:48,2.95,14035.0,United Kingdom,7,2,35.400000000000006,7.0,1.0,5.79
7843,544097,85123A,WHITE HANGING HEART T-LIGHT HOLDER,32,2/16/2011 9:56,2.55,12455.0,Cyprus,7,2,81.6,7.0,12.0,2.95
189850,544100,85123A,WHITE HANGING HEART T-LIGHT HOLDER,6,2/16/2011 10:25,2.95,15002.0,United Kingdom,7,2,17.700000000000003,7.0,32.0,2.55
149257,544106,85123A,WHITE HANGING HEART T-LIGHT HOLDER,6,2/16/2011 10:47,2.95,14530.0,United Kingdom,7,2,17.700000000000003,7.0,6.0,2.95
215014,544153,85123A,WHITE HANGING HEART T-LIGHT HOLDER,5,2/16/2011 12:11,2.95,15356.0,United Kingdom,7,2,14.75,7.0,6.0,2.95
187390,544158,85123A,WHITE HANGING HEART T-LIGHT HOLDER,12,2/16/2011 12:47,2.95,14944.0,United Kingdom,7,2,35.400000000000006,7.0,5.0,2.95
284812,544160,85123A,WHITE HANGING HEART T-LIGHT HOLDER,1,2/16/2011 12:49,2.95,16494.0,United Kingdom,7,2,2.95,7.0,12.0,2.95
284829,544160,85123A,WHITE HANGING HEART T-LIGHT HOLDER,3,2/16/2011 12:49,2.95,16494.0,United Kingdom,7,2,8.850000000000001,7.0,1.0,2.95
126172,544165,85123A,WHITE HANGING HEART T-LIGHT HOLDER,6,2/16/2011 13:11,2.95,14210.0,United Kingdom,7,2,17.700000000000003,7.0,3.0,2.95
171032,544167,85123A,WHITE HANGING HEART T-LIGHT HOLDER,18,2/16/2011 13:14,2.95,14755.0,United Kingdom,7,2,53.1,7.0,6.0,2.95
94942,544168,85123A,WHITE HANGING HEART T-LIGHT HOLDER,96,2/16/2011 13:16,2.55,13798.0,United Kingdom,7,2,244.79999999999998,7.0,18.0,2.95
402925,544176,85123A,WHITE HANGING HEART T-LIGHT HOLDER,6,2/16/2011 14:18,2.95,18219.0,United Kingdom,7,2,17.700000000000003,7.0,96.0,2.55
46394,544177,85123A,WHITE HANGING HEART T-LIGHT HOLDER,12,2/16/2011 14:27,2.95,13001.0,United Kingdom,7,2,35.400000000000006,7.0,6.0,2.95
94321,544199,85123A,WHITE HANGING HEART T-LIGHT HOLDER,12,2/17/2011 10:04,2.55,13777.0,United Kingdom,7,2,30.599999999999998,7.0,12.0,2.95
180879,544210,85123A,WHITE HANGING HEART T-LIGHT HOLDER,6,2/17/2011 11:01,2.95,14911.0,EIRE,7,2,17.700000000000003,7.0,12.0,2.55
59342,544286,85123A,WHITE HANGING HEART T-LIGHT HOLDER,7,2/17/2011 12:29,2.95,13151.0,United Kingdom,7,2,20.650000000000002,7.0,6.0,2.95
232140,544294,85123A,WHITE HANGING HEART T-LIGHT HOLDER,12,2/17/2011 12:42,2.95,15601.0,United Kingdom,7,2,35.400000000000006,7.0,7.0,2.95
397118,544303,85123A,WHITE HANGING HEART T-LIGHT HOLDER,4,2/17/2011 13:28,2.95,18116.0,United Kingdom,7,2,11.8,7.0,12.0,2.95
135774,544319,85123A,WHITE HANGING HEART T-LIGHT HOLDER,3,2/17/2011 15:03,2.95,14379.0,United Kingdom,7,2,8.850000000000001,7.0,4.0,2.95
126236,544322,85123A,WHITE HANGING HEART T-LIGHT HOLDER,6,2/17/2011 15:50,2.95,14211.0,United Kingdom,7,2,17.700000000000003,7.0,3.0,2.95
74338,544337,85123A,WHITE HANGING HEART T-LIGHT HOLDER,6,2/18/2011 8:34,2.95,13425.0,United Kingdom,7,2,17.700000000000003,7.0,6.0,2.95
283391,544447,85123A,WHITE HANGING HEART T-LIGHT HOLDER,12,2/20/2011 11:39,2.95,16466.0,United Kingdom,7,2,35.400000000000006,7.0,6.0,2.95
60082,544465,85123A,WHITE HANGING HEART T-LIGHT HOLDER,16,2/20/2011 15:06,2.95,13168.0,United Kingdom,7,2,47.2,7.0,12.0,2.95
440476,544468,85123A,WHITE HANGING HEART T-LIGHT HOLDER,6,2/21/2011 8:33,2.95,,EIRE,8,2,17.700000000000003,7.0,16.0,2.95
338697,544586,85123A,WHITE HANGING HEART T-LIGHT HOLDER,8,2/21/2011 15:04,2.95,17338.0,United Kingdom,8,2,23.6,8.0,6.0,2.95
257058,544597,85123A,WHITE HANGING HEART T-LIGHT HOLDER,3,2/21/2011 17:42,2.95,16014.0,United Kingdom,8,2,8.850000000000001,8.0,8.0,2.95
440832,544599,85123A,WHITE HANGING HEART T-LIGHT HOLDER,3,2/21/2011 18:15,5.79,,United Kingdom,8,2,17.37,8.0,3.0,2.95
440923,544599,85123A,WHITE HANGING HEART T-LIGHT HOLDER,3,2/21/2011 18:15,2.95,,United Kingdom,8,2,8.850000000000001,8.0,3.0,5.79
178952,544657,85123A,WHITE HANGING HEART T-LIGHT HOLDER,6,2/22/2011 13:08,2.95,14895.0,United Kingdom,8,2,17.700000000000003,8.0,3.0,2.95
210914,544661,85123A,WHITE HANGING HEART T-LIGHT HOLDER,12,2/22/2011 13:59,2.95,15303.0,United Kingdom,8,2,35.400000000000006,8.0,6.0,2.95
312609,544666,85123A,WHITE HANGING HEART T-LIGHT HOLDER,3,2/22/2011 15:00,2.95,16907.0,United Kingdom,8,2,8.850000000000001,8.0,12.0,2.95
350434,544667,85123A,WHITE HANGING HEART T-LIGHT HOLDER,64,2/22/2011 15:09,2.55,17511.0,United Kingdom,8,2,163.2,8.0,3.0,2.95
289617,544668,85123A,WHITE HANGING HEART T-LIGHT HOLDER,6,2/22/2011 15:14,2.95,16573.0,United Kingdom,8,2,17.700000000000003,8.0,64.0,2.55
401939,544677,85123A,WHITE HANGING HEART T-LIGHT HOLDER,1,2/22/2011 16:13,2.95,18196.0,United Kingdom,8,2,2.95,8.0,6.0,2.95
441006,544681,85123A,WHITE HANGING HEART T-LIGHT HOLDER,3,2/22/2011 16:28,5.79,,United Kingdom,8,2,17.37,8.0,1.0,2.95
441222,544684,85123A,WHITE HANGING HEART T-LIGHT HOLDER,1,2/22/2011 16:32,5.79,,United Kingdom,8,2,5.79,8.0,3.0,5.79
120747,544690,85123A,WHITE HANGING HEART T-LIGHT HOLDER,32,2/23/2011 8:48,2.55,14156.0,EIRE,8,2,81.6,8.0,1.0,5.79
316716,544790,85123A,WHITE HANGING HEART T-LIGHT HOLDER,6,2/23/2011 12:27,2.95,16940.0,United Kingdom,8,2,17.700000000000003,8.0,32.0,2.55
400975,544792,85123A,WHITE HANGING HEART T-LIGHT HOLDER,32,2/23/2011 12:37,2.55,18172.0,United Kingdom,8,2,81.6,8.0,6.0,2.95
268392,544796,85123A,WHITE HANGING HEART T-LIGHT HOLDER,8,2/23/2011 13:37,2.95,16208.0,United Kingdom,8,2,23.6,8.0,32.0,2.55
362479,544810,85123A,WHITE HANGING HEART T-LIGHT HOLDER,32,2/23/2011 15:53,2.55,17675.0,United Kingdom,8,2,81.6,8.0,8.0,2.95
441957,544812,85123A,WHITE HANGING HEART T-LIGHT HOLDER,1,2/23/2011 15:58,2.95,,United Kingdom,8,2,2.95,8.0,32.0,2.55
253871,544813,85123A,WHITE HANGING HEART T-LIGHT HOLDER,4,2/23/2011 16:23,2.95,15984.0,United Kingdom,8,2,11.8,8.0,1.0,2.95
253860,544813,85123A,WHITE HANGING HEART T-LIGHT HOLDER,1,2/23/2011 16:23,2.95,15984.0,United Kingdom,8,2,2.95,8.0,4.0,2.95
327470,544824,85123A,WHITE HANGING HEART T-LIGHT HOLDER,6,2/24/2011 9:32,2.95,17139.0,United Kingdom,8,2,17.700000000000003,8.0,1.0,2.95
358584,544836,85123A,WHITE HANGING HEART T-LIGHT HOLDER,24,2/24/2011 10:25,2.95,17613.0,United Kingdom,8,2,70.80000000000001,8.0,6.0,2.95
393758,544903,85123A,WHITE HANGING HEART T-LIGHT HOLDER,6,2/24/2011 13:43,2.95,18065.0,United Kingdom,8,2,17.700000000000003,8.0,24.0,2.95
43881,544907,85123A,WHITE HANGING HEART T-LIGHT HOLDER,6,2/24/2011 14:15,2.95,12945.0,United Kingdom,8,2,17.700000000000003,8.0,6.0,2.95
94326,544915,85123A,WHITE HANGING HEART T-LIGHT HOLDER,12,2/24/2011 15:41,2.55,13777.0,United Kingdom,8,2,30.599999999999998,8.0,6.0,2.95
76820,544926,85123A,WHITE HANGING HEART T-LIGHT HOLDER,6,2/24/2011 17:50,2.95,13468.0,United Kingdom,8,2,17.700000000000003,8.0,12.0,2.55
442122,544928,85123A,WHITE HANGING HEART T-LIGHT HOLDER,3,2/24/2011 18:07,2.95,,United Kingdom,8,2,8.850000000000001,8.0,6.0,2.95
78749,544931,85123A,WHITE HANGING HEART T-LIGHT HOLDER,36,2/24/2011 18:59,2.55,13501.0,Switzerland,8,2,91.8,8.0,3.0,2.95
442126,544938,85123A,WHITE HANGING HEART T-LIGHT HOLDER,10,2/25/2011 10:10,2.95,,United Kingdom,8,2,29.5,8.0,36.0,2.55
76255,544968,85123A,WHITE HANGING HEART T-LIGHT HOLDER,18,2/25/2011 11:30,2.95,13458.0,United Kingdom,8,2,53.1,8.0,10.0,2.95
91922,545015,85123A,WHITE HANGING HEART T-LIGHT HOLDER,6,2/25/2011 13:40,2.95,13742.0,United Kingdom,8,2,17.700000000000003,8.0,18.0,2.95
361617,545021,85123A,WHITE HANGING HEART T-LIGHT HOLDER,6,2/25/2011 14:11,2.95,17663.0,United Kingdom,8,2,17.700000000000003,8.0,6.0,2.95
149467,545037,85123A,WHITE HANGING HEART T-LIGHT HOLDER,12,2/27/2011 10:02,2.95,14532.0,United Kingdom,8,2,35.400000000000006,8.0,6.0,2.95
279752,545043,85123A,WHITE HANGING HEART T-LIGHT HOLDER,2,2/27/2011 11:05,2.95,16407.0,United Kingdom,8,2,5.9,8.0,12.0,2.95
237985,545045,85123A,WHITE HANGING HEART T-LIGHT HOLDER,6,2/27/2011 11:40,2.95,15708.0,United Kingdom,8,2,17.700000000000003,8.0,2.0,2.95
175430,545048,85123A,WHITE HANGING HEART T-LIGHT HOLDER,2,2/27/2011 11:48,2.95,14810.0,United Kingdom,8,2,5.9,8.0,6.0,2.95
143556,545054,85123A,WHITE HANGING HEART T-LIGHT HOLDER,2,2/27/2011 12:41,2.95,14472.0,United Kingdom,8,2,5.9,8.0,2.0,2.95
386138,545067,85123A,WHITE HANGING HEART T-LIGHT HOLDER,3,2/27/2011 14:49,2.95,17894.0,United Kingdom,8,2,8.850000000000001,8.0,2.0,2.95
207367,545076,85123A,WHITE HANGING HEART T-LIGHT HOLDER,6,2/28/2011 9:43,2.95,15235.0,United Kingdom,9,2,17.700000000000003,8.0,3.0,2.95
406110,545079,85123A,WHITE HANGING HEART T-LIGHT HOLDER,2,2/28/2011 10:30,2.95,18283.0,United Kingdom,9,2,5.9,9.0,6.0,2.95
195193,545085,85123A,WHITE HANGING HEART T-LIGHT HOLDER,1,2/28/2011 11:19,2.95,15039.0,United Kingdom,9,2,2.95,9.0,2.0,2.95
195224,545085,85123A,WHITE HANGING HEART T-LIGHT HOLDER,2,2/28/2011 11:19,2.95,15039.0,United Kingdom,9,2,5.9,9.0,1.0,2.95
88407,545148,85123A,WHITE HANGING HEART T-LIGHT HOLDER,6,2/28/2011 12:14,2.95,13675.0,United Kingdom,9,2,17.700000000000003,9.0,2.0,2.95
127959,545157,85123A,WHITE HANGING HEART T-LIGHT HOLDER,6,2/28/2011 13:27,2.95,14239.0,United Kingdom,9,2,17.700000000000003,9.0,6.0,2.95
282701,545164,85123A,WHITE HANGING HEART T-LIGHT HOLDER,6,2/28/2011 13:40,2.95,16458.0,United Kingdom,9,2,17.700000000000003,9.0,6.0,2.95
442636,545215,85123A,WHITE HANGING HEART T-LIGHT HOLDER,1,2/28/2011 16:47,5.79,,United Kingdom,9,2,5.79,9.0,6.0,2.95
442664,545215,85123A,WHITE HANGING HEART T-LIGHT HOLDER,7,2/28/2011 16:47,2.95,,United Kingdom,9,2,20.650000000000002,9.0,1.0,5.79
5300,545226,85123A,WHITE HANGING HEART T-LIGHT HOLDER,6,3/1/2011 9:33,2.95,12428.0,Finland,9,3,17.700000000000003,9.0,7.0,2.95
236119,545232,85123A,WHITE HANGING HEART T-LIGHT HOLDER,12,3/1/2011 10:19,2.95,15676.0,United Kingdom,9,3,35.400000000000006,9.0,6.0,2.95
394568,545234,85123A,WHITE HANGING HEART T-LIGHT HOLDER,12,3/1/2011 10:26,2.95,18075.0,United Kingdom,9,3,35.400000000000006,9.0,12.0,2.95
162345,545308,85123A,WHITE HANGING HEART T-LIGHT HOLDER,3,3/1/2011 13:19,2.95,14656.0,United Kingdom,9,3,8.850000000000001,9.0,12.0,2.95
99553,545309,85123A,WHITE HANGING HEART T-LIGHT HOLDER,12,3/1/2011 13:40,2.95,13884.0,United Kingdom,9,3,35.400000000000006,9.0,3.0,2.95
252564,545313,85123A,WHITE HANGING HEART T-LIGHT HOLDER,32,3/1/2011 13:55,2.55,15953.0,United Kingdom,9,3,81.6,9.0,12.0,2.95
56143,545324,85123A,WHITE HANGING HEART T-LIGHT HOLDER,5,3/1/2011 14:58,2.95,13110.0,United Kingdom,9,3,14.75,9.0,32.0,2.55
443295,545333,85123A,WHITE HANGING HEART T-LIGHT HOLDER,2,3/1/2011 16:22,2.95,,United Kingdom,9,3,5.9,9.0,5.0,2.95
443195,545333,85123A,WHITE HANGING HEART T-LIGHT HOLDER,2,3/1/2011 16:22,5.79,,United Kingdom,9,3,11.58,9.0,2.0,2.95
293381,545410,85123A,WHITE HANGING HEART T-LIGHT HOLDER,6,3/2/2011 12:18,2.95,16670.0,United Kingdom,9,3,17.700000000000003,9.0,2.0,5.79
305263,545425,85123A,WHITE HANGING HEART T-LIGHT HOLDER,3,3/2/2011 14:39,2.95,16792.0,United Kingdom,9,3,8.850000000000001,9.0,6.0,2.95
234116,545430,85123A,WHITE HANGING HEART T-LIGHT HOLDER,18,3/2/2011 14:50,2.95,15636.0,United Kingdom,9,3,53.1,9.0,3.0,2.95
367956,545445,85123A,WHITE HANGING HEART T-LIGHT HOLDER,6,3/2/2011 16:26,2.95,17738.0,United Kingdom,9,3,17.700000000000003,9.0,18.0,2.95
443492,545464,85123A,WHITE HANGING HEART T-LIGHT HOLDER,11,3/3/2011 9:10,2.95,,United Kingdom,9,3,32.45,9.0,6.0,2.95
443466,545464,85123A,WHITE HANGING HEART T-LIGHT HOLDER,2,3/3/2011 9:10,5.79,,United Kingdom,9,3,11.58,9.0,11.0,2.95
238611,545503,85123A,WHITE HANGING HEART T-LIGHT HOLDER,2,3/3/2011 11:34,2.95,15719.0,United Kingdom,9,3,5.9,9.0,2.0,5.79
360873,545534,85123A,WHITE HANGING HEART T-LIGHT HOLDER,12,3/3/2011 14:05,2.95,17652.0,United Kingdom,9,3,35.400000000000006,9.0,2.0,2.95
77490,545543,85123A,WHITE HANGING HEART T-LIGHT HOLDER,6,3/3/2011 14:43,2.95,13476.0,United Kingdom,9,3,17.700000000000003,9.0,12.0,2.95
190232,545559,85123A,WHITE HANGING HEART T-LIGHT HOLDER,2,3/3/2011 15:31,2.95,15005.0,United Kingdom,9,3,5.9,9.0,6.0,2.95
443655,545568,85123A,WHITE HANGING HEART T-LIGHT HOLDER,17,3/3/2011 16:22,2.95,,United Kingdom,9,3,50.150000000000006,9.0,2.0,2.95
364682,545571,85123A,WHITE HANGING HEART T-LIGHT HOLDER,32,3/3/2011 16:34,2.55,17700.0,United Kingdom,9,3,81.6,9.0,17.0,2.95
90535,545578,85123A,WHITE HANGING HEART T-LIGHT HOLDER,12,3/3/2011 19:21,2.95,13715.0,United Kingdom,9,3,35.400000000000006,9.0,32.0,2.55
72465,545588,85123A,WHITE HANGING HEART T-LIGHT HOLDER,6,3/4/2011 10:03,2.95,13382.0,United Kingdom,9,3,17.700000000000003,9.0,12.0,2.95
189584,545649,85123A,WHITE HANGING HEART T-LIGHT HOLDER,1,3/4/2011 13:14,2.95,14995.0,United Kingdom,9,3,2.95,9.0,6.0,2.95
164014,545655,85123A,WHITE HANGING HEART T-LIGHT HOLDER,1,3/4/2011 13:58,2.95,14670.0,United Kingdom,9,3,2.95,9.0,1.0,2.95
180921,545657,85123A,WHITE HANGING HEART T-LIGHT HOLDER,6,3/4/2011 14:02,2.95,14911.0,EIRE,9,3,17.700000000000003,9.0,1.0,2.95
164111,545658,85123A,WHITE HANGING HEART T-LIGHT HOLDER,2,3/4/2011 14:13,2.95,14670.0,United Kingdom,9,3,5.9,9.0,6.0,2.95
329730,545660,85123A,WHITE HANGING HEART T-LIGHT HOLDER,11,3/4/2011 14:28,2.95,17191.0,United Kingdom,9,3,32.45,9.0,2.0,2.95
314288,545681,85123A,WHITE HANGING HEART T-LIGHT HOLDER,10,3/6/2011 11:28,2.95,16923.0,United Kingdom,9,3,29.5,9.0,11.0,2.95
179729,545683,85123A,WHITE HANGING HEART T-LIGHT HOLDER,4,3/6/2011 11:50,2.95,14903.0,United Kingdom,9,3,11.8,9.0,10.0,2.95
144746,545685,85123A,WHITE HANGING HEART T-LIGHT HOLDER,3,3/6/2011 11:55,2.95,14499.0,United Kingdom,9,3,8.850000000000001,9.0,4.0,2.95
64813,545690,85123A,WHITE HANGING HEART T-LIGHT HOLDER,3,3/6/2011 12:46,2.95,13263.0,United Kingdom,9,3,8.850000000000001,9.0,3.0,2.95
123204,545691,85123A,WHITE HANGING HEART T-LIGHT HOLDER,4,3/6/2011 12:52,2.95,14161.0,United Kingdom,9,3,11.8,9.0,3.0,2.95
237008,545696,85123A,WHITE HANGING HEART T-LIGHT HOLDER,4,3/6/2011 14:21,2.95,15696.0,United Kingdom,9,3,11.8,9.0,4.0,2.95
145744,545697,85123A,WHITE HANGING HEART T-LIGHT HOLDER,2,3/6/2011 14:38,2.95,14504.0,United Kingdom,9,3,5.9,9.0,4.0,2.95
325987,545701,85123A,WHITE HANGING HEART T-LIGHT HOLDER,64,3/6/2011 15:17,2.55,17107.0,United Kingdom,9,3,163.2,9.0,2.0,2.95
128479,545702,85123A,WHITE HANGING HEART T-LIGHT HOLDER,7,3/6/2011 15:21,2.95,14247.0,United Kingdom,9,3,20.650000000000002,9.0,64.0,2.55
73228,545764,85123A,WHITE HANGING HEART T-LIGHT HOLDER,6,3/7/2011 12:00,2.95,13408.0,United Kingdom,10,3,17.700000000000003,9.0,7.0,2.95
285751,545853,85123A,WHITE HANGING HEART T-LIGHT HOLDER,5,3/7/2011 13:50,2.95,16517.0,United Kingdom,10,3,14.75,10.0,6.0,2.95
175722,545854,85123A,WHITE HANGING HEART T-LIGHT HOLDER,6,3/7/2011 13:51,2.95,14817.0,United Kingdom,10,3,17.700000000000003,10.0,5.0,2.95
444460,545895,85123A,WHITE HANGING HEART T-LIGHT HOLDER,9,3/7/2011 17:14,2.95,,United Kingdom,10,3,26.55,10.0,6.0,2.95
207270,545905,85123A,WHITE HANGING HEART T-LIGHT HOLDER,6,3/8/2011 8:53,2.95,15234.0,United Kingdom,10,3,17.700000000000003,10.0,9.0,2.95
70749,545914,85123A,WHITE HANGING HEART T-LIGHT HOLDER,32,3/8/2011 11:39,2.55,13340.0,United Kingdom,10,3,81.6,10.0,6.0,2.95
94333,545993,85123A,WHITE HANGING HEART T-LIGHT HOLDER,81,3/8/2011 13:23,2.55,13777.0,United Kingdom,10,3,206.54999999999998,10.0,32.0,2.55
445121,546008,85123A,WHITE HANGING HEART T-LIGHT HOLDER,3,3/8/2011 15:43,5.79,,United Kingdom,10,3,17.37,10.0,81.0,2.55
134180,546015,85123A,WHITE HANGING HEART T-LIGHT HOLDER,12,3/8/2011 16:48,2.95,14336.0,United Kingdom,10,3,35.400000000000006,10.0,3.0,5.79
146971,546017,85123A,WHITE HANGING HEART T-LIGHT HOLDER,11,3/8/2011 17:23,2.95,14507.0,United Kingdom,10,3,32.45,10.0,12.0,2.95
35570,546027,85123A,WHITE HANGING HEART T-LIGHT HOLDER,12,3/9/2011 8:09,2.95,12759.0,Netherlands,10,3,35.400000000000006,10.0,11.0,2.95
321544,546028,85123A,WHITE HANGING HEART T-LIGHT HOLDER,24,3/9/2011 8:33,2.95,17049.0,United Kingdom,10,3,70.80000000000001,10.0,12.0,2.95
268890,546062,85123A,WHITE HANGING HEART T-LIGHT HOLDER,2,3/9/2011 10:51,2.95,16221.0,United Kingdom,10,3,5.9,10.0,24.0,2.95
223785,546096,85123A,WHITE HANGING HEART T-LIGHT HOLDER,32,3/9/2011 11:59,2.55,15502.0,United Kingdom,10,3,81.6,10.0,2.0,2.95
289558,546100,85123A,WHITE HANGING HEART T-LIGHT HOLDER,6,3/9/2011 12:04,2.95,16572.0,United Kingdom,10,3,17.700000000000003,10.0,32.0,2.55
123378,546111,85123A,WHITE HANGING HEART T-LIGHT HOLDER,2,3/9/2011 12:39,2.95,14165.0,United Kingdom,10,3,5.9,10.0,6.0,2.95
134496,546113,85123A,WHITE HANGING HEART T-LIGHT HOLDER,2,3/9/2011 13:18,2.95,14344.0,United Kingdom,10,3,5.9,10.0,2.0,2.95
216846,546115,85123A,WHITE HANGING HEART T-LIGHT HOLDER,12,3/9/2011 13:50,2.95,15379.0,United Kingdom,10,3,35.400000000000006,10.0,2.0,2.95
303586,546117,85123A,WHITE HANGING HEART T-LIGHT HOLDER,6,3/9/2011 13:56,2.95,16771.0,United Kingdom,10,3,17.700000000000003,10.0,12.0,2.95
342893,546163,85123A,WHITE HANGING HEART T-LIGHT HOLDER,6,3/10/2011 10:03,2.95,17377.0,United Kingdom,10,3,17.700000000000003,10.0,6.0,2.95
291235,546237,85123A,WHITE HANGING HEART T-LIGHT HOLDER,6,3/10/2011 12:50,2.95,16625.0,United Kingdom,10,3,17.700000000000003,10.0,6.0,2.95
110048,546239,85123A,WHITE HANGING HEART T-LIGHT HOLDER,6,3/10/2011 12:59,2.95,14064.0,United Kingdom,10,3,17.700000000000003,10.0,6.0,2.95
284373,546248,85123A,WHITE HANGING HEART T-LIGHT HOLDER,6,3/10/2011 13:46,2.95,16477.0,United Kingdom,10,3,17.700000000000003,10.0,6.0,2.95
134671,546250,85123A,WHITE HANGING HEART T-LIGHT HOLDER,12,3/10/2011 14:14,2.95,14350.0,United Kingdom,10,3,35.400000000000006,10.0,6.0,2.95
186757,546252,85123A,WHITE HANGING HEART T-LIGHT HOLDER,12,3/10/2011 14:42,2.95,14930.0,Channel Islands,10,3,35.400000000000006,10.0,12.0,2.95
76837,546255,85123A,WHITE HANGING HEART T-LIGHT HOLDER,6,3/10/2011 14:56,2.95,13468.0,United Kingdom,10,3,17.700000000000003,10.0,12.0,2.95
375860,546261,85123A,WHITE HANGING HEART T-LIGHT HOLDER,1,3/10/2011 15:01,2.95,17841.0,United Kingdom,10,3,2.95,10.0,6.0,2.95
445585,546306,85123A,WHITE HANGING HEART T-LIGHT HOLDER,2,3/10/2011 16:16,2.95,,United Kingdom,10,3,5.9,10.0,1.0,2.95
256890,546318,85123A,WHITE HANGING HEART T-LIGHT HOLDER,100,3/11/2011 9:20,2.55,16013.0,United Kingdom,10,3,254.99999999999997,10.0,2.0,2.95
284279,546321,85123A,WHITE HANGING HEART T-LIGHT HOLDER,6,3/11/2011 9:39,2.95,16475.0,United Kingdom,10,3,17.700000000000003,10.0,100.0,2.55
400138,546382,85123A,WHITE HANGING HEART T-LIGHT HOLDER,10,3/11/2011 12:44,2.95,18149.0,United Kingdom,10,3,29.5,10.0,6.0,2.95
154427,546392,85123A,WHITE HANGING HEART T-LIGHT HOLDER,3,3/11/2011 14:15,2.95,14587.0,United Kingdom,10,3,8.850000000000001,10.0,10.0,2.95
134695,546399,85123A,WHITE HANGING HEART T-LIGHT HOLDER,6,3/11/2011 14:58,2.95,14352.0,United Kingdom,10,3,17.700000000000003,10.0,3.0,2.95
145068,546423,85123A,WHITE HANGING HEART T-LIGHT HOLDER,1,3/13/2011 12:39,2.95,14502.0,United Kingdom,10,3,2.95,10.0,6.0,2.95
90011,546426,85123A,WHITE HANGING HEART T-LIGHT HOLDER,2,3/13/2011 13:46,2.95,13708.0,United Kingdom,10,3,5.9,10.0,1.0,2.95
309333,546440,85123A,WHITE HANGING HEART T-LIGHT HOLDER,6,3/14/2011 10:31,2.95,16871.0,United Kingdom,11,3,17.700000000000003,10.0,2.0,2.95
397765,546466,85123A,WHITE HANGING HEART T-LIGHT HOLDER,7,3/14/2011 11:04,2.95,18118.0,United Kingdom,11,3,20.650000000000002,11.0,6.0,2.95
371997,546549,85123A,WHITE HANGING HEART T-LIGHT HOLDER,6,3/14/2011 16:46,2.95,17799.0,United Kingdom,11,3,17.700000000000003,11.0,7.0,2.95
259843,546554,85123A,WHITE HANGING HEART T-LIGHT HOLDER,12,3/15/2011 9:13,2.95,16037.0,United Kingdom,11,3,35.400000000000006,11.0,6.0,2.95
362518,546555,85123A,WHITE HANGING HEART T-LIGHT HOLDER,32,3/15/2011 9:22,2.55,17675.0,United Kingdom,11,3,81.6,11.0,12.0,2.95
272933,546562,85123A,WHITE HANGING HEART T-LIGHT HOLDER,6,3/15/2011 10:45,2.95,16293.0,United Kingdom,11,3,17.700000000000003,11.0,32.0,2.55
181096,546580,85123A,WHITE HANGING HEART T-LIGHT HOLDER,18,3/15/2011 11:09,2.95,14911.0,EIRE,11,3,53.1,11.0,6.0,2.95
266110,546633,85123A,WHITE HANGING HEART T-LIGHT HOLDER,32,3/15/2011 12:06,2.55,16168.0,United Kingdom,11,3,81.6,11.0,18.0,2.95
112318,546640,85123A,WHITE HANGING HEART T-LIGHT HOLDER,6,3/15/2011 12:56,2.95,14092.0,United Kingdom,11,3,17.700000000000003,11.0,32.0,2.55
90547,546646,85123A,WHITE HANGING HEART T-LIGHT HOLDER,2,3/15/2011 13:49,2.95,13716.0,United Kingdom,11,3,5.9,11.0,6.0,2.95
304606,546662,85123A,WHITE HANGING HEART T-LIGHT HOLDER,6,3/15/2011 14:36,2.95,16782.0,United Kingdom,11,3,17.700000000000003,11.0,2.0,2.95
319056,546689,85123A,WHITE HANGING HEART T-LIGHT HOLDER,64,3/16/2011 10:24,2.55,16985.0,United Kingdom,11,3,163.2,11.0,6.0,2.95
243260,546691,85123A,WHITE HANGING HEART T-LIGHT HOLDER,32,3/16/2011 10:45,2.55,15793.0,United Kingdom,11,3,81.6,11.0,64.0,2.55
52862,546731,85123A,WHITE HANGING HEART T-LIGHT HOLDER,32,3/16/2011 11:39,2.55,13089.0,United Kingdom,11,3,81.6,11.0,32.0,2.55
156353,546732,85123A,WHITE HANGING HEART T-LIGHT HOLDER,5,3/16/2011 11:41,2.95,14606.0,United Kingdom,11,3,14.75,11.0,32.0,2.55
278173,546753,85123A,WHITE HANGING HEART T-LIGHT HOLDER,2,3/16/2011 13:00,2.95,16383.0,United Kingdom,11,3,5.9,11.0,5.0,2.95
348126,546776,85123A,WHITE HANGING HEART T-LIGHT HOLDER,6,3/16/2011 16:08,2.95,17460.0,United Kingdom,11,3,17.700000000000003,11.0,2.0,2.95
401752,546784,85123A,WHITE HANGING HEART T-LIGHT HOLDER,6,3/17/2011 9:49,2.95,18189.0,United Kingdom,11,3,17.700000000000003,11.0,6.0,2.95
106620,546787,85123A,WHITE HANGING HEART T-LIGHT HOLDER,32,3/17/2011 10:01,2.55,14035.0,United Kingdom,11,3,81.6,11.0,6.0,2.95
86960,546837,85123A,WHITE HANGING HEART T-LIGHT HOLDER,6,3/17/2011 12:37,2.95,13650.0,United Kingdom,11,3,17.700000000000003,11.0,32.0,2.55
85661,546849,85123A,WHITE HANGING HEART T-LIGHT HOLDER,2,3/17/2011 13:13,2.95,13623.0,United Kingdom,11,3,5.9,11.0,6.0,2.95
43496,546857,85123A,WHITE HANGING HEART T-LIGHT HOLDER,32,3/17/2011 14:19,2.55,12937.0,United Kingdom,11,3,81.6,11.0,2.0,2.95
142936,546866,85123A,WHITE HANGING HEART T-LIGHT HOLDER,4,3/17/2011 15:47,2.95,14462.0,United Kingdom,11,3,11.8,11.0,32.0,2.55
446698,546888,85123A,WHITE HANGING HEART T-LIGHT HOLDER,1,3/17/2011 18:15,5.79,,United Kingdom,11,3,5.79,11.0,4.0,2.95
446865,546891,85123A,WHITE HANGING HEART T-LIGHT HOLDER,1,3/17/2011 18:18,5.79,,United Kingdom,11,3,5.79,11.0,1.0,5.79
248129,546913,85123A,WHITE HANGING HEART T-LIGHT HOLDER,3,3/17/2011 20:18,2.95,15861.0,United Kingdom,11,3,8.850000000000001,11.0,1.0,5.79
118409,546922,85123A,WHITE HANGING HEART T-LIGHT HOLDER,6,3/18/2011 9:59,2.95,14110.0,United Kingdom,11,3,17.700000000000003,11.0,3.0,2.95
363765,546928,85123A,WHITE HANGING HEART T-LIGHT HOLDER,6,3/18/2011 10:16,2.95,17685.0,United Kingdom,11,3,17.700000000000003,11.0,6.0,2.95
447335,546933,85123A,WHITE HANGING HEART T-LIGHT HOLDER,1,3/18/2011 11:02,0.0,,United Kingdom,11,3,0.0,11.0,6.0,2.95
447373,546949,85123A,WHITE HANGING HEART T-LIGHT HOLDER,1,3/18/2011 11:22,2.95,,United Kingdom,11,3,2.95,11.0,1.0,0.0
125258,546986,85123A,WHITE HANGING HEART T-LIGHT HOLDER,6,3/18/2011 12:55,2.95,14194.0,United Kingdom,11,3,17.700000000000003,11.0,1.0,2.95
387619,546993,85123A,WHITE HANGING HEART T-LIGHT HOLDER,5,3/18/2011 13:19,2.95,17921.0,United Kingdom,11,3,14.75,11.0,6.0,2.95
327311,546999,85123A,WHITE HANGING HEART T-LIGHT HOLDER,32,3/18/2011 13:47,2.55,17133.0,United Kingdom,11,3,81.6,11.0,5.0,2.95
84132,547028,85123A,WHITE HANGING HEART T-LIGHT HOLDER,4,3/20/2011 10:13,2.95,13593.0,United Kingdom,11,3,11.8,11.0,32.0,2.55
447722,547042,85123A,WHITE HANGING HEART T-LIGHT HOLDER,2,3/20/2011 11:00,5.79,,United Kingdom,11,3,11.58,11.0,4.0,2.95
327347,547049,85123A,WHITE HANGING HEART T-LIGHT HOLDER,6,3/20/2011 11:56,2.95,17134.0,United Kingdom,11,3,17.700000000000003,11.0,2.0,5.79
403455,547052,85123A,WHITE HANGING HEART T-LIGHT HOLDER,5,3/20/2011 12:07,2.95,18225.0,United Kingdom,11,3,14.75,11.0,6.0,2.95
282198,547055,85123A,WHITE HANGING HEART T-LIGHT HOLDER,3,3/20/2011 12:14,2.95,16444.0,United Kingdom,11,3,8.850000000000001,11.0,5.0,2.95
165741,547059,85123A,WHITE HANGING HEART T-LIGHT HOLDER,5,3/20/2011 12:50,2.95,14693.0,United Kingdom,11,3,14.75,11.0,3.0,2.95
171821,547063,85123A,WHITE HANGING HEART T-LIGHT HOLDER,10,3/20/2011 13:33,2.95,14769.0,United Kingdom,11,3,29.5,11.0,5.0,2.95
330443,547073,85123A,WHITE HANGING HEART T-LIGHT HOLDER,3,3/20/2011 14:23,2.95,17211.0,United Kingdom,11,3,8.850000000000001,11.0,10.0,2.95
217970,547079,85123A,WHITE HANGING HEART T-LIGHT HOLDER,2,3/20/2011 15:02,2.95,15408.0,United Kingdom,11,3,5.9,11.0,3.0,2.95
220672,547083,85123A,WHITE HANGING HEART T-LIGHT HOLDER,6,3/20/2011 15:21,2.95,15452.0,United Kingdom,11,3,17.700000000000003,11.0,2.0,2.95
220694,547083,85123A,WHITE HANGING HEART T-LIGHT HOLDER,1,3/20/2011 15:21,2.95,15452.0,United Kingdom,11,3,2.95,11.0,6.0,2.95
403406,547099,85123A,WHITE HANGING HEART T-LIGHT HOLDER,6,3/21/2011 10:30,2.95,18224.0,United Kingdom,12,3,17.700000000000003,11.0,1.0,2.95
51551,547209,85123A,WHITE HANGING HEART T-LIGHT HOLDER,32,3/21/2011 14:44,2.55,13081.0,United Kingdom,12,3,81.6,12.0,6.0,2.95
403458,547247,85123A,WHITE HANGING HEART T-LIGHT HOLDER,32,3/22/2011 9:01,2.55,18225.0,United Kingdom,12,3,81.6,12.0,32.0,2.55
448321,547249,85123A,WHITE HANGING HEART T-LIGHT HOLDER,1,3/22/2011 9:27,5.79,,United Kingdom,12,3,5.79,12.0,32.0,2.55
100090,547252,85123A,WHITE HANGING HEART T-LIGHT HOLDER,6,3/22/2011 10:13,2.95,13900.0,United Kingdom,12,3,17.700000000000003,12.0,1.0,5.79
98147,547253,85123A,WHITE HANGING HEART T-LIGHT HOLDER,6,3/22/2011 10:44,2.95,13869.0,United Kingdom,12,3,17.700000000000003,12.0,6.0,2.95
196574,547334,85123A,WHITE HANGING HEART T-LIGHT HOLDER,6,3/22/2011 11:43,2.95,15044.0,United Kingdom,12,3,17.700000000000003,12.0,6.0,2.95
202186,547349,85123A,WHITE HANGING HEART T-LIGHT HOLDER,6,3/22/2011 12:02,2.95,15132.0,United Kingdom,12,3,17.700000000000003,12.0,6.0,2.95
358619,547357,85123A,WHITE HANGING HEART T-LIGHT HOLDER,6,3/22/2011 12:15,2.95,17613.0,United Kingdom,12,3,17.700000000000003,12.0,6.0,2.95
255235,547358,85123A,WHITE HANGING HEART T-LIGHT HOLDER,3,3/22/2011 12:25,2.95,15998.0,United Kingdom,12,3,8.850000000000001,12.0,6.0,2.95
36211,547365,85123A,WHITE HANGING HEART T-LIGHT HOLDER,12,3/22/2011 12:36,2.95,12775.0,Netherlands,12,3,35.400000000000006,12.0,3.0,2.95
448546,547385,85123A,WHITE HANGING HEART T-LIGHT HOLDER,4,3/22/2011 15:48,5.79,,United Kingdom,12,3,23.16,12.0,12.0,2.95
448812,547386,85123A,WHITE HANGING HEART T-LIGHT HOLDER,2,3/22/2011 15:52,5.79,,United Kingdom,12,3,11.58,12.0,4.0,5.79
77420,547413,85123A,WHITE HANGING HEART T-LIGHT HOLDER,12,3/23/2011 9:43,2.95,13475.0,United Kingdom,12,3,35.400000000000006,12.0,2.0,5.79
58995,547418,85123A,WHITE HANGING HEART T-LIGHT HOLDER,6,3/23/2011 10:25,2.95,13148.0,United Kingdom,12,3,17.700000000000003,12.0,12.0,2.95
320526,547485,85123A,WHITE HANGING HEART T-LIGHT HOLDER,3,3/23/2011 11:16,2.95,17019.0,United Kingdom,12,3,8.850000000000001,12.0,6.0,2.95
374476,547489,85123A,WHITE HANGING HEART T-LIGHT HOLDER,6,3/23/2011 11:44,2.95,17830.0,United Kingdom,12,3,17.700000000000003,12.0,3.0,2.95
325515,547491,85123A,WHITE HANGING HEART T-LIGHT HOLDER,6,3/23/2011 12:05,2.95,17096.0,United Kingdom,12,3,17.700000000000003,12.0,6.0,2.95
394592,547496,85123A,WHITE HANGING HEART T-LIGHT HOLDER,12,3/23/2011 12:13,2.95,18075.0,United Kingdom,12,3,35.400000000000006,12.0,6.0,2.95
192013,547498,85123A,WHITE HANGING HEART T-LIGHT HOLDER,1,3/23/2011 12:24,2.95,15021.0,United Kingdom,12,3,2.95,12.0,12.0,2.95
73255,547500,85123A,WHITE HANGING HEART T-LIGHT HOLDER,32,3/23/2011 12:39,2.55,13408.0,United Kingdom,12,3,81.6,12.0,1.0,2.95
449245,547547,85123A,WHITE HANGING HEART T-LIGHT HOLDER,1,3/23/2011 15:30,5.79,,United Kingdom,12,3,5.79,12.0,32.0,2.55
334145,547556,85123A,WHITE HANGING HEART T-LIGHT HOLDER,4,3/23/2011 16:45,2.95,17250.0,United Kingdom,12,3,11.8,12.0,1.0,5.79
78065,547580,85123A,WHITE HANGING HEART T-LIGHT HOLDER,12,3/24/2011 10:48,2.95,13488.0,United Kingdom,12,3,35.400000000000006,12.0,4.0,2.95
129203,547644,85123A,WHITE HANGING HEART T-LIGHT HOLDER,6,3/24/2011 11:38,2.95,14267.0,United Kingdom,12,3,17.700000000000003,12.0,12.0,2.95
397864,547649,85123A,WHITE HANGING HEART T-LIGHT HOLDER,6,3/24/2011 12:02,2.95,18118.0,United Kingdom,12,3,17.700000000000003,12.0,6.0,2.95
311738,547651,85123A,WHITE HANGING HEART T-LIGHT HOLDER,4,3/24/2011 12:11,2.95,16904.0,United Kingdom,12,3,11.8,12.0,6.0,2.95
129218,547655,85123A,WHITE HANGING HEART T-LIGHT HOLDER,6,3/24/2011 12:52,2.95,14267.0,United Kingdom,12,3,17.700000000000003,12.0,4.0,2.95
64981,547656,85123A,WHITE HANGING HEART T-LIGHT HOLDER,2,3/24/2011 12:53,2.95,13263.0,United Kingdom,12,3,5.9,12.0,6.0,2.95
303259,547670,85123A,WHITE HANGING HEART T-LIGHT HOLDER,1,3/24/2011 13:41,2.95,16769.0,United Kingdom,12,3,2.95,12.0,2.0,2.95
303262,547670,85123A,WHITE HANGING HEART T-LIGHT HOLDER,3,3/24/2011 13:41,2.95,16769.0,United Kingdom,12,3,8.850000000000001,12.0,1.0,2.95
303272,547670,85123A,WHITE HANGING HEART T-LIGHT HOLDER,6,3/24/2011 13:41,2.95,16769.0,United Kingdom,12,3,17.700000000000003,12.0,3.0,2.95
396481,547709,85123A,WHITE HANGING HEART T-LIGHT HOLDER,6,3/24/2011 18:43,2.95,18109.0,United Kingdom,12,3,17.700000000000003,12.0,6.0,2.95
282711,547713,85123A,WHITE HANGING HEART T-LIGHT HOLDER,6,3/25/2011 8:41,2.95,16458.0,United Kingdom,12,3,17.700000000000003,12.0,6.0,2.95
46340,547721,85123A,WHITE HANGING HEART T-LIGHT HOLDER,6,3/25/2011 10:14,2.95,13000.0,United Kingdom,12,3,17.700000000000003,12.0,6.0,2.95
154511,547786,85123A,WHITE HANGING HEART T-LIGHT HOLDER,1,3/25/2011 11:44,2.95,14587.0,United Kingdom,12,3,2.95,12.0,6.0,2.95
449596,547788,85123A,WHITE HANGING HEART T-LIGHT HOLDER,4,3/25/2011 12:00,5.79,,United Kingdom,12,3,23.16,12.0,1.0,2.95
261594,547829,85123A,WHITE HANGING HEART T-LIGHT HOLDER,6,3/25/2011 15:24,2.95,16081.0,United Kingdom,12,3,17.700000000000003,12.0,4.0,5.79
449742,547830,85123A,WHITE HANGING HEART T-LIGHT HOLDER,6,3/25/2011 15:50,5.79,,United Kingdom,12,3,34.74,12.0,6.0,2.95
304411,547833,85123A,WHITE HANGING HEART T-LIGHT HOLDER,2,3/25/2011 17:34,2.95,16780.0,United Kingdom,12,3,5.9,12.0,6.0,5.79
333671,547837,85123A,WHITE HANGING HEART T-LIGHT HOLDER,7,3/27/2011 10:26,2.95,17243.0,United Kingdom,12,3,20.650000000000002,12.0,2.0,2.95
41955,547839,85123A,WHITE HANGING HEART T-LIGHT HOLDER,32,3/27/2011 10:54,2.55,12916.0,United Kingdom,12,3,81.6,12.0,7.0,2.95
98864,547842,85123A,WHITE HANGING HEART T-LIGHT HOLDER,6,3/27/2011 11:14,2.95,13875.0,United Kingdom,12,3,17.700000000000003,12.0,32.0,2.55
359300,547860,85123A,WHITE HANGING HEART T-LIGHT HOLDER,6,3/27/2011 12:21,2.95,17625.0,United Kingdom,12,3,17.700000000000003,12.0,6.0,2.95
238343,547864,85123A,WHITE HANGING HEART T-LIGHT HOLDER,6,3/27/2011 13:10,2.95,15716.0,United Kingdom,12,3,17.700000000000003,12.0,6.0,2.95
315523,547871,85123A,WHITE HANGING HEART T-LIGHT HOLDER,3,3/27/2011 14:28,2.95,16931.0,United Kingdom,12,3,8.850000000000001,12.0,6.0,2.95
303996,547872,85123A,WHITE HANGING HEART T-LIGHT HOLDER,6,3/27/2011 14:34,2.95,16777.0,United Kingdom,12,3,17.700000000000003,12.0,3.0,2.95
143802,547874,85123A,WHITE HANGING HEART T-LIGHT HOLDER,5,3/27/2011 15:39,2.95,14476.0,United Kingdom,12,3,14.75,12.0,6.0,2.95
56183,547881,85123A,WHITE HANGING HEART T-LIGHT HOLDER,6,3/27/2011 16:08,2.95,13110.0,United Kingdom,12,3,17.700000000000003,12.0,5.0,2.95
87079,547886,85123A,WHITE HANGING HEART T-LIGHT HOLDER,6,3/28/2011 9:21,2.95,13652.0,United Kingdom,13,3,17.700000000000003,12.0,6.0,2.95
376016,547896,85123A,WHITE HANGING HEART T-LIGHT HOLDER,1,3/28/2011 11:34,2.95,17841.0,United Kingdom,13,3,2.95,13.0,6.0,2.95
122068,547910,85123A,WHITE HANGING HEART T-LIGHT HOLDER,6,3/28/2011 12:23,2.95,14159.0,United Kingdom,13,3,17.700000000000003,13.0,1.0,2.95
171559,547921,85123A,WHITE HANGING HEART T-LIGHT HOLDER,12,3/28/2011 13:28,2.95,14766.0,United Kingdom,13,3,35.400000000000006,13.0,6.0,2.95
150492,547942,85123A,WHITE HANGING HEART T-LIGHT HOLDER,18,3/28/2011 14:57,2.95,14538.0,United Kingdom,13,3,53.1,13.0,12.0,2.95
450120,547967,85123A,WHITE HANGING HEART T-LIGHT HOLDER,1,3/28/2011 15:49,5.79,,United Kingdom,13,3,5.79,13.0,18.0,2.95
231604,547990,85123A,WHITE HANGING HEART T-LIGHT HOLDER,6,3/29/2011 9:53,2.95,15589.0,United Kingdom,13,3,17.700000000000003,13.0,1.0,5.79
93822,548007,85123A,WHITE HANGING HEART T-LIGHT HOLDER,6,3/29/2011 10:51,2.95,13769.0,United Kingdom,13,3,17.700000000000003,13.0,6.0,2.95
342915,548012,85123A,WHITE HANGING HEART T-LIGHT HOLDER,12,3/29/2011 11:15,2.95,17377.0,United Kingdom,13,3,35.400000000000006,13.0,6.0,2.95
94969,548144,85123A,WHITE HANGING HEART T-LIGHT HOLDER,64,3/29/2011 12:29,2.55,13798.0,United Kingdom,13,3,163.2,13.0,12.0,2.95
135234,548178,85123A,WHITE HANGING HEART T-LIGHT HOLDER,12,3/29/2011 14:35,2.95,14367.0,United Kingdom,13,3,35.400000000000006,13.0,64.0,2.55
233731,548185,85123A,WHITE HANGING HEART T-LIGHT HOLDER,12,3/29/2011 14:58,2.95,15628.0,United Kingdom,13,3,35.400000000000006,13.0,12.0,2.95
94343,548186,85123A,WHITE HANGING HEART T-LIGHT HOLDER,72,3/29/2011 15:02,2.55,13777.0,United Kingdom,13,3,183.6,13.0,12.0,2.95
65050,548188,85123A,WHITE HANGING HEART T-LIGHT HOLDER,1,3/29/2011 15:12,2.95,13263.0,United Kingdom,13,3,2.95,13.0,72.0,2.55
235970,548215,85123A,WHITE HANGING HEART T-LIGHT HOLDER,6,3/30/2011 9:19,2.95,15674.0,United Kingdom,13,3,17.700000000000003,13.0,1.0,2.95
358977,548217,85123A,WHITE HANGING HEART T-LIGHT HOLDER,32,3/30/2011 9:31,2.55,17616.0,United Kingdom,13,3,81.6,13.0,6.0,2.95
260943,548312,85123A,WHITE HANGING HEART T-LIGHT HOLDER,4,3/30/2011 12:12,2.95,16059.0,United Kingdom,13,3,11.8,13.0,32.0,2.55
304699,548327,85123A,WHITE HANGING HEART T-LIGHT HOLDER,10,3/30/2011 13:05,2.95,16788.0,United Kingdom,13,3,29.5,13.0,4.0,2.95
49137,548331,85123A,WHITE HANGING HEART T-LIGHT HOLDER,12,3/30/2011 13:28,2.95,13047.0,United Kingdom,13,3,35.400000000000006,13.0,10.0,2.95
451249,548373,85123A,WHITE HANGING HEART T-LIGHT HOLDER,1,3/30/2011 16:34,5.79,,United Kingdom,13,3,5.79,13.0,12.0,2.95
344148,548400,85123A,WHITE HANGING HEART T-LIGHT HOLDER,3,3/30/2011 17:33,2.95,17400.0,United Kingdom,13,3,8.850000000000001,13.0,1.0,5.79
324933,548405,85123A,WHITE HANGING HEART T-LIGHT HOLDER,6,3/31/2011 9:48,2.95,17088.0,United Kingdom,13,3,17.700000000000003,13.0,3.0,2.95
247125,548450,85123A,WHITE HANGING HEART T-LIGHT HOLDER,32,3/31/2011 11:20,2.55,15856.0,United Kingdom,13,3,81.6,13.0,6.0,2.95
49955,548452,85123A,WHITE HANGING HEART T-LIGHT HOLDER,12,3/31/2011 11:37,2.95,13060.0,United Kingdom,13,3,35.400000000000006,13.0,32.0,2.55
36567,548470,85123A,WHITE HANGING HEART T-LIGHT HOLDER,12,3/31/2011 12:36,2.95,12782.0,Portugal,13,3,35.400000000000006,13.0,12.0,2.95
82955,548484,85123A,WHITE HANGING HEART T-LIGHT HOLDER,2,3/31/2011 12:43,2.95,13571.0,United Kingdom,13,3,5.9,13.0,12.0,2.95
323845,548500,85123A,WHITE HANGING HEART T-LIGHT HOLDER,4,3/31/2011 13:49,2.95,17071.0,United Kingdom,13,3,11.8,13.0,2.0,2.95
451806,548516,85123A,WHITE HANGING HEART T-LIGHT HOLDER,3,3/31/2011 16:28,2.95,,United Kingdom,13,3,8.850000000000001,13.0,4.0,2.95
451759,548516,85123A,WHITE HANGING HEART T-LIGHT HOLDER,4,3/31/2011 16:28,5.79,,United Kingdom,13,3,23.16,13.0,3.0,2.95
400537,548550,85123A,WHITE HANGING HEART T-LIGHT HOLDER,6,4/1/2011 8:22,2.95,18161.0,United Kingdom,13,4,17.700000000000003,13.0,4.0,5.79
358633,548552,85123A,WHITE HANGING HEART T-LIGHT HOLDER,12,4/1/2011 9:06,2.95,17613.0,United Kingdom,13,4,35.400000000000006,13.0,6.0,2.95
76870,548560,85123A,WHITE HANGING HEART T-LIGHT HOLDER,32,4/1/2011 10:10,2.55,13468.0,United Kingdom,13,4,81.6,13.0,12.0,2.95
290585,548561,85123A,WHITE HANGING HEART T-LIGHT HOLDER,6,4/1/2011 10:11,2.95,16609.0,United Kingdom,13,4,17.700000000000003,13.0,32.0,2.55
247919,548610,85123A,WHITE HANGING HEART T-LIGHT HOLDER,1,4/1/2011 11:28,2.95,15860.0,United Kingdom,13,4,2.95,13.0,6.0,2.95
86402,548622,85123A,WHITE HANGING HEART T-LIGHT HOLDER,6,4/1/2011 12:09,2.95,13636.0,United Kingdom,13,4,17.700000000000003,13.0,1.0,2.95
364832,548632,85123A,WHITE HANGING HEART T-LIGHT HOLDER,6,4/1/2011 12:25,2.95,17701.0,United Kingdom,13,4,17.700000000000003,13.0,6.0,2.95
232168,548636,85123A,WHITE HANGING HEART T-LIGHT HOLDER,12,4/1/2011 12:29,2.95,15601.0,United Kingdom,13,4,35.400000000000006,13.0,6.0,2.95
44138,548648,85123A,WHITE HANGING HEART T-LIGHT HOLDER,12,4/1/2011 13:20,2.95,12949.0,United Kingdom,13,4,35.400000000000006,13.0,12.0,2.95
177266,548650,85123A,WHITE HANGING HEART T-LIGHT HOLDER,8,4/1/2011 13:22,2.95,14852.0,United Kingdom,13,4,23.6,13.0,12.0,2.95
247139,548686,85123A,WHITE HANGING HEART T-LIGHT HOLDER,32,4/1/2011 16:49,2.55,15856.0,United Kingdom,13,4,81.6,13.0,8.0,2.95
221952,548697,85123A,WHITE HANGING HEART T-LIGHT HOLDER,64,4/3/2011 10:49,2.55,15482.0,United Kingdom,13,4,163.2,13.0,32.0,2.55
452087,548699,85123A,WHITE HANGING HEART T-LIGHT HOLDER,1,4/3/2011 11:08,2.95,,United Kingdom,13,4,2.95,13.0,64.0,2.55
256507,548703,85123A,WHITE HANGING HEART T-LIGHT HOLDER,2,4/3/2011 11:37,2.95,16010.0,United Kingdom,13,4,5.9,13.0,1.0,2.95
256509,548703,85123A,WHITE HANGING HEART T-LIGHT HOLDER,3,4/3/2011 11:37,2.95,16010.0,United Kingdom,13,4,8.850000000000001,13.0,2.0,2.95
67445,548708,85123A,WHITE HANGING HEART T-LIGHT HOLDER,3,4/3/2011 12:41,2.95,13269.0,United Kingdom,13,4,8.850000000000001,13.0,3.0,2.95
397175,548711,85123A,WHITE HANGING HEART T-LIGHT HOLDER,3,4/3/2011 14:24,2.95,18116.0,United Kingdom,13,4,8.850000000000001,13.0,3.0,2.95
338252,548714,85123A,WHITE HANGING HEART T-LIGHT HOLDER,1,4/3/2011 15:07,2.95,17337.0,United Kingdom,13,4,2.95,13.0,3.0,2.95
178972,548743,85123A,WHITE HANGING HEART T-LIGHT HOLDER,6,4/4/2011 12:05,2.95,14895.0,United Kingdom,14,4,17.700000000000003,13.0,1.0,2.95
46848,548749,85123A,WHITE HANGING HEART T-LIGHT HOLDER,6,4/4/2011 12:29,2.95,13004.0,United Kingdom,14,4,17.700000000000003,14.0,6.0,2.95
370640,548808,85123A,WHITE HANGING HEART T-LIGHT HOLDER,3,4/4/2011 12:55,2.95,17774.0,United Kingdom,14,4,8.850000000000001,14.0,6.0,2.95
65111,548860,85123A,WHITE HANGING HEART T-LIGHT HOLDER,2,4/4/2011 13:38,2.95,13263.0,United Kingdom,14,4,5.9,14.0,3.0,2.95
170825,548865,85123A,WHITE HANGING HEART T-LIGHT HOLDER,6,4/4/2011 14:09,2.95,14747.0,United Kingdom,14,4,17.700000000000003,14.0,2.0,2.95
326619,548869,85123A,WHITE HANGING HEART T-LIGHT HOLDER,2,4/4/2011 14:31,2.95,17114.0,United Kingdom,14,4,5.9,14.0,6.0,2.95
365676,548874,85123A,WHITE HANGING HEART T-LIGHT HOLDER,32,4/4/2011 15:18,2.55,17716.0,United Kingdom,14,4,81.6,14.0,2.0,2.95
452280,548893,85123A,WHITE HANGING HEART T-LIGHT HOLDER,1,4/4/2011 15:54,5.79,,United Kingdom,14,4,5.79,14.0,32.0,2.55
330792,548898,85123A,WHITE HANGING HEART T-LIGHT HOLDER,8,4/4/2011 16:28,2.95,17214.0,United Kingdom,14,4,23.6,14.0,1.0,5.79
235998,548973,85123A,WHITE HANGING HEART T-LIGHT HOLDER,6,4/5/2011 11:44,2.95,15674.0,United Kingdom,14,4,17.700000000000003,14.0,8.0,2.95
239834,548978,85123A,WHITE HANGING HEART T-LIGHT HOLDER,10,4/5/2011 12:08,2.95,15727.0,United Kingdom,14,4,29.5,14.0,6.0,2.95
312477,548983,85123A,WHITE HANGING HEART T-LIGHT HOLDER,4,4/5/2011 12:30,2.95,16906.0,United Kingdom,14,4,11.8,14.0,10.0,2.95
150205,548987,85123A,WHITE HANGING HEART T-LIGHT HOLDER,6,4/5/2011 12:50,2.95,14535.0,United Kingdom,14,4,17.700000000000003,14.0,4.0,2.95
207865,549015,85123A,WHITE HANGING HEART T-LIGHT HOLDER,24,4/5/2011 15:12,2.95,15244.0,United Kingdom,14,4,70.80000000000001,14.0,6.0,2.95
452755,549023,85123A,WHITE HANGING HEART T-LIGHT HOLDER,1,4/5/2011 16:27,5.79,,United Kingdom,14,4,5.79,14.0,24.0,2.95
363607,549052,85123A,WHITE HANGING HEART T-LIGHT HOLDER,12,4/6/2011 10:19,2.95,17682.0,United Kingdom,14,4,35.400000000000006,14.0,1.0,5.79
79457,549055,85123A,WHITE HANGING HEART T-LIGHT HOLDER,12,4/6/2011 10:33,2.95,13515.0,United Kingdom,14,4,35.400000000000006,14.0,12.0,2.95
269857,549099,85123A,WHITE HANGING HEART T-LIGHT HOLDER,2,4/6/2011 11:07,2.95,16241.0,United Kingdom,14,4,5.9,14.0,12.0,2.95
55093,549115,85123A,WHITE HANGING HEART T-LIGHT HOLDER,32,4/6/2011 12:41,2.55,13098.0,United Kingdom,14,4,81.6,14.0,2.0,2.95
293402,549116,85123A,WHITE HANGING HEART T-LIGHT HOLDER,6,4/6/2011 12:49,2.95,16670.0,United Kingdom,14,4,17.700000000000003,14.0,32.0,2.55
453025,549155,85123A,WHITE HANGING HEART T-LIGHT HOLDER,1,4/6/2011 17:08,5.79,,United Kingdom,14,4,5.79,14.0,6.0,2.95
235144,549182,85123A,WHITE HANGING HEART T-LIGHT HOLDER,6,4/7/2011 9:12,2.95,15646.0,United Kingdom,14,4,17.700000000000003,14.0,1.0,5.79
226775,549235,85123A,WHITE HANGING HEART T-LIGHT HOLDER,3,4/7/2011 11:16,2.95,15530.0,United Kingdom,14,4,8.850000000000001,14.0,6.0,2.95
226773,549235,85123A,WHITE HANGING HEART T-LIGHT HOLDER,5,4/7/2011 11:16,2.95,15530.0,United Kingdom,14,4,14.75,14.0,3.0,2.95
238699,549241,85123A,WHITE HANGING HEART T-LIGHT HOLDER,2,4/7/2011 11:40,2.95,15719.0,United Kingdom,14,4,5.9,14.0,5.0,2.95
140819,549250,85123A,WHITE HANGING HEART T-LIGHT HOLDER,6,4/7/2011 12:10,2.95,14446.0,United Kingdom,14,4,17.700000000000003,14.0,2.0,2.95
55811,549258,85123A,WHITE HANGING HEART T-LIGHT HOLDER,12,4/7/2011 12:30,2.95,13102.0,United Kingdom,14,4,35.400000000000006,14.0,6.0,2.95
371390,549260,85123A,WHITE HANGING HEART T-LIGHT HOLDER,7,4/7/2011 12:34,2.95,17790.0,United Kingdom,14,4,20.650000000000002,14.0,12.0,2.95
143193,549262,85123A,WHITE HANGING HEART T-LIGHT HOLDER,3,4/7/2011 12:38,2.95,14465.0,United Kingdom,14,4,8.850000000000001,14.0,7.0,2.95
271656,549291,85123A,WHITE HANGING HEART T-LIGHT HOLDER,2,4/7/2011 19:05,2.95,16261.0,United Kingdom,14,4,5.9,14.0,3.0,2.95
63317,549294,85123A,WHITE HANGING HEART T-LIGHT HOLDER,4,4/7/2011 19:27,2.95,13230.0,United Kingdom,14,4,11.8,14.0,2.0,2.95
291175,549319,85123A,WHITE HANGING HEART T-LIGHT HOLDER,6,4/8/2011 10:09,2.95,16623.0,United Kingdom,14,4,17.700000000000003,14.0,4.0,2.95
256555,549320,85123A,WHITE HANGING HEART T-LIGHT HOLDER,13,4/8/2011 10:14,2.95,16010.0,United Kingdom,14,4,38.35,14.0,6.0,2.95
249570,549431,85123A,WHITE HANGING HEART T-LIGHT HOLDER,25,4/8/2011 12:17,2.95,15874.0,United Kingdom,14,4,73.75,14.0,13.0,2.95
82375,549439,85123A,WHITE HANGING HEART T-LIGHT HOLDER,18,4/8/2011 12:42,2.95,13562.0,United Kingdom,14,4,53.1,14.0,25.0,2.95
242402,549443,85123A,WHITE HANGING HEART T-LIGHT HOLDER,6,4/8/2011 12:56,2.95,15775.0,United Kingdom,14,4,17.700000000000003,14.0,18.0,2.95
252656,549551,85123A,WHITE HANGING HEART T-LIGHT HOLDER,12,4/10/2011 11:48,2.95,15955.0,United Kingdom,14,4,35.400000000000006,14.0,6.0,2.95
315555,549553,85123A,WHITE HANGING HEART T-LIGHT HOLDER,6,4/10/2011 12:22,2.95,16931.0,United Kingdom,14,4,17.700000000000003,14.0,12.0,2.95
86002,549567,85123A,WHITE HANGING HEART T-LIGHT HOLDER,2,4/10/2011 15:07,2.95,13632.0,United Kingdom,14,4,5.9,14.0,6.0,2.95
235619,549568,85123A,WHITE HANGING HEART T-LIGHT HOLDER,12,4/10/2011 15:09,2.95,15665.0,United Kingdom,14,4,35.400000000000006,14.0,2.0,2.95
228187,549569,85123A,WHITE HANGING HEART T-LIGHT HOLDER,8,4/10/2011 15:15,2.95,15547.0,United Kingdom,14,4,23.6,14.0,12.0,2.95
145798,549573,85123A,WHITE HANGING HEART T-LIGHT HOLDER,2,4/10/2011 16:01,2.95,14504.0,United Kingdom,14,4,5.9,14.0,8.0,2.95
403744,549574,85123A,WHITE HANGING HEART T-LIGHT HOLDER,32,4/10/2011 16:02,2.55,18226.0,United Kingdom,14,4,81.6,14.0,2.0,2.95
206484,549583,85123A,WHITE HANGING HEART T-LIGHT HOLDER,6,4/11/2011 9:46,2.95,15214.0,United Kingdom,15,4,17.700000000000003,14.0,32.0,2.55
133137,549592,85123A,WHITE HANGING HEART T-LIGHT HOLDER,6,4/11/2011 10:14,2.95,14311.0,United Kingdom,15,4,17.700000000000003,15.0,6.0,2.95
181503,549667,85123A,WHITE HANGING HEART T-LIGHT HOLDER,6,4/11/2011 12:20,2.95,14911.0,EIRE,15,4,17.700000000000003,15.0,6.0,2.95
81795,549691,85123A,WHITE HANGING HEART T-LIGHT HOLDER,6,4/11/2011 13:42,2.95,13549.0,United Kingdom,15,4,17.700000000000003,15.0,6.0,2.95
158908,549716,85123A,WHITE HANGING HEART T-LIGHT HOLDER,12,4/11/2011 14:43,2.95,14628.0,United Kingdom,15,4,35.400000000000006,15.0,6.0,2.95
374247,549733,85123A,WHITE HANGING HEART T-LIGHT HOLDER,6,4/11/2011 16:56,2.95,17827.0,United Kingdom,15,4,17.700000000000003,15.0,12.0,2.95
279945,549734,85123A,WHITE HANGING HEART T-LIGHT HOLDER,3,4/11/2011 17:12,2.95,16409.0,United Kingdom,15,4,8.850000000000001,15.0,6.0,2.95
207656,549744,85123A,WHITE HANGING HEART T-LIGHT HOLDER,6,4/12/2011 10:30,2.95,15240.0,United Kingdom,15,4,17.700000000000003,15.0,3.0,2.95
42995,549749,85123A,WHITE HANGING HEART T-LIGHT HOLDER,6,4/12/2011 10:45,2.95,12928.0,United Kingdom,15,4,17.700000000000003,15.0,6.0,2.95
196605,549826,85123A,WHITE HANGING HEART T-LIGHT HOLDER,14,4/12/2011 12:53,2.95,15044.0,United Kingdom,15,4,41.300000000000004,15.0,6.0,2.95
76285,549833,85123A,WHITE HANGING HEART T-LIGHT HOLDER,32,4/12/2011 13:19,2.55,13458.0,United Kingdom,15,4,81.6,15.0,14.0,2.95
350545,549835,85123A,WHITE HANGING HEART T-LIGHT HOLDER,32,4/12/2011 13:24,2.55,17511.0,United Kingdom,15,4,81.6,15.0,32.0,2.55
295787,549837,85123A,WHITE HANGING HEART T-LIGHT HOLDER,64,4/12/2011 13:38,2.55,16705.0,United Kingdom,15,4,163.2,15.0,32.0,2.55
39360,549844,85123A,WHITE HANGING HEART T-LIGHT HOLDER,3,4/12/2011 14:17,2.95,12854.0,United Kingdom,15,4,8.850000000000001,15.0,64.0,2.55
299325,549845,85123A,WHITE HANGING HEART T-LIGHT HOLDER,9,4/12/2011 14:22,2.95,16729.0,United Kingdom,15,4,26.55,15.0,3.0,2.95
242441,549909,85123A,WHITE HANGING HEART T-LIGHT HOLDER,32,4/12/2011 16:43,2.55,15777.0,United Kingdom,15,4,81.6,15.0,9.0,2.95
404257,549915,85123A,WHITE HANGING HEART T-LIGHT HOLDER,5,4/13/2011 9:32,2.95,18231.0,United Kingdom,15,4,14.75,15.0,32.0,2.55
207209,549933,85123A,WHITE HANGING HEART T-LIGHT HOLDER,6,4/13/2011 11:04,2.95,15230.0,United Kingdom,15,4,17.700000000000003,15.0,5.0,2.95
202257,549934,85123A,WHITE HANGING HEART T-LIGHT HOLDER,6,4/13/2011 11:05,2.95,15134.0,United Kingdom,15,4,17.700000000000003,15.0,6.0,2.95
57447,549951,85123A,WHITE HANGING HEART T-LIGHT HOLDER,6,4/13/2011 12:57,2.95,13134.0,United Kingdom,15,4,17.700000000000003,15.0,6.0,2.95
56931,549964,85123A,WHITE HANGING HEART T-LIGHT HOLDER,6,4/13/2011 14:12,2.95,13122.0,United Kingdom,15,4,17.700000000000003,15.0,6.0,2.95
266605,549975,85123A,WHITE HANGING HEART T-LIGHT HOLDER,12,4/13/2011 14:38,2.95,16175.0,United Kingdom,15,4,35.400000000000006,15.0,6.0,2.95
234366,549985,85123A,WHITE HANGING HEART T-LIGHT HOLDER,32,4/13/2011 15:58,2.55,15640.0,United Kingdom,15,4,81.6,15.0,12.0,2.95
264007,549995,85123A,WHITE HANGING HEART T-LIGHT HOLDER,32,4/14/2011 8:32,2.55,16131.0,United Kingdom,15,4,81.6,15.0,32.0,2.55
362546,549998,85123A,WHITE HANGING HEART T-LIGHT HOLDER,32,4/14/2011 8:49,2.55,17675.0,United Kingdom,15,4,81.6,15.0,32.0,2.55
364992,550001,85123A,WHITE HANGING HEART T-LIGHT HOLDER,18,4/14/2011 9:28,2.95,17704.0,United Kingdom,15,4,53.1,15.0,32.0,2.55
230389,550008,85123A,WHITE HANGING HEART T-LIGHT HOLDER,6,4/14/2011 10:17,2.95,15570.0,United Kingdom,15,4,17.700000000000003,15.0,18.0,2.95
190344,550033,85123A,WHITE HANGING HEART T-LIGHT HOLDER,6,4/14/2011 11:45,2.95,15005.0,United Kingdom,15,4,17.700000000000003,15.0,6.0,2.95
300203,550071,85123A,WHITE HANGING HEART T-LIGHT HOLDER,12,4/14/2011 12:12,2.95,16735.0,United Kingdom,15,4,35.400000000000006,15.0,6.0,2.95
209040,550121,85123A,WHITE HANGING HEART T-LIGHT HOLDER,6,4/14/2011 12:38,2.95,15271.0,United Kingdom,15,4,17.700000000000003,15.0,12.0,2.95
136505,550130,85123A,WHITE HANGING HEART T-LIGHT HOLDER,4,4/14/2011 13:17,2.95,14390.0,United Kingdom,15,4,11.8,15.0,6.0,2.95
310228,550148,85123A,WHITE HANGING HEART T-LIGHT HOLDER,4,4/14/2011 14:36,2.95,16882.0,United Kingdom,15,4,11.8,15.0,4.0,2.95
206838,550179,85123A,WHITE HANGING HEART T-LIGHT HOLDER,6,4/14/2011 17:29,2.95,15220.0,United Kingdom,15,4,17.700000000000003,15.0,4.0,2.95
63370,550189,85123A,WHITE HANGING HEART T-LIGHT HOLDER,1,4/14/2011 19:15,2.95,13230.0,United Kingdom,15,4,2.95,15.0,6.0,2.95
76886,550255,85123A,WHITE HANGING HEART T-LIGHT HOLDER,6,4/15/2011 11:47,2.95,13468.0,United Kingdom,15,4,17.700000000000003,15.0,1.0,2.95
340121,550298,85123A,WHITE HANGING HEART T-LIGHT HOLDER,2,4/15/2011 16:11,2.95,17346.0,United Kingdom,15,4,5.9,15.0,6.0,2.95
333701,550301,85123A,WHITE HANGING HEART T-LIGHT HOLDER,10,4/17/2011 10:15,2.95,17243.0,United Kingdom,15,4,29.5,15.0,2.0,2.95
402802,550303,85123A,WHITE HANGING HEART T-LIGHT HOLDER,6,4/17/2011 10:21,2.95,18213.0,United Kingdom,15,4,17.700000000000003,15.0,10.0,2.95
303373,550321,85123A,WHITE HANGING HEART T-LIGHT HOLDER,5,4/17/2011 12:49,2.95,16770.0,United Kingdom,15,4,14.75,15.0,6.0,2.95
229110,550331,85123A,WHITE HANGING HEART T-LIGHT HOLDER,2,4/17/2011 13:43,2.95,15555.0,United Kingdom,15,4,5.9,15.0,5.0,2.95
291974,550346,85123A,WHITE HANGING HEART T-LIGHT HOLDER,6,4/18/2011 9:31,2.95,16639.0,United Kingdom,16,4,17.700000000000003,15.0,2.0,2.95
127306,550347,85123A,WHITE HANGING HEART T-LIGHT HOLDER,6,4/18/2011 9:33,2.95,14227.0,United Kingdom,16,4,17.700000000000003,16.0,6.0,2.95
298210,550352,85123A,WHITE HANGING HEART T-LIGHT HOLDER,4,4/18/2011 10:21,2.95,16719.0,United Kingdom,16,4,11.8,16.0,6.0,2.95
291017,550357,85123A,WHITE HANGING HEART T-LIGHT HOLDER,18,4/18/2011 10:35,2.95,16617.0,United Kingdom,16,4,53.1,16.0,4.0,2.95
376332,550359,85123A,WHITE HANGING HEART T-LIGHT HOLDER,10,4/18/2011 10:41,2.95,17841.0,United Kingdom,16,4,29.5,16.0,18.0,2.95
258859,550447,85123A,WHITE HANGING HEART T-LIGHT HOLDER,6,4/18/2011 12:36,2.95,16033.0,United Kingdom,16,4,17.700000000000003,16.0,10.0,2.95
147720,550452,85123A,WHITE HANGING HEART T-LIGHT HOLDER,64,4/18/2011 12:56,2.55,14525.0,United Kingdom,16,4,163.2,16.0,6.0,2.95
454907,550458,85123A,WHITE HANGING HEART T-LIGHT HOLDER,6,4/18/2011 13:13,5.79,,United Kingdom,16,4,34.74,16.0,64.0,2.55
397243,550459,85123A,WHITE HANGING HEART T-LIGHT HOLDER,5,4/18/2011 13:17,2.95,18116.0,United Kingdom,16,4,14.75,16.0,6.0,5.79
240743,550461,85123A,WHITE HANGING HEART T-LIGHT HOLDER,1930,4/18/2011 13:20,2.4,15749.0,United Kingdom,16,4,4632.0,16.0,5.0,2.95
282733,550462,85123A,WHITE HANGING HEART T-LIGHT HOLDER,6,4/18/2011 13:22,2.95,16458.0,United Kingdom,16,4,17.700000000000003,16.0,1930.0,2.4
391500,550467,85123A,WHITE HANGING HEART T-LIGHT HOLDER,4,4/18/2011 13:36,2.95,18009.0,United Kingdom,16,4,11.8,16.0,6.0,2.95
279271,550469,85123A,WHITE HANGING HEART T-LIGHT HOLDER,2,4/18/2011 13:46,2.95,16399.0,United Kingdom,16,4,5.9,16.0,4.0,2.95
455209,550470,85123A,WHITE HANGING HEART T-LIGHT HOLDER,1,4/18/2011 13:49,5.79,,United Kingdom,16,4,5.79,16.0,2.0,2.95
455462,550471,85123A,WHITE HANGING HEART T-LIGHT HOLDER,1,4/18/2011 13:52,5.79,,United Kingdom,16,4,5.79,16.0,1.0,5.79
455556,550474,85123A,WHITE HANGING HEART T-LIGHT HOLDER,1,4/18/2011 13:58,5.79,,United Kingdom,16,4,5.79,16.0,1.0,5.79
338783,550477,85123A,WHITE HANGING HEART T-LIGHT HOLDER,6,4/18/2011 14:01,2.95,17338.0,United Kingdom,16,4,17.700000000000003,16.0,1.0,5.79
456073,550499,85123A,WHITE HANGING HEART T-LIGHT HOLDER,1,4/18/2011 15:16,5.79,,United Kingdom,16,4,5.79,16.0,6.0,2.95
456082,550499,85123A,WHITE HANGING HEART T-LIGHT HOLDER,4,4/18/2011 15:16,2.95,,United Kingdom,16,4,11.8,16.0,1.0,5.79
456195,550500,85123A,WHITE HANGING HEART T-LIGHT HOLDER,7,4/18/2011 15:26,5.79,,United Kingdom,16,4,40.53,16.0,4.0,2.95
456217,550500,85123A,WHITE HANGING HEART T-LIGHT HOLDER,8,4/18/2011 15:26,2.95,,United Kingdom,16,4,23.6,16.0,7.0,5.79
394018,550512,85123A,WHITE HANGING HEART T-LIGHT HOLDER,5,4/18/2011 16:31,2.95,18069.0,United Kingdom,16,4,14.75,16.0,8.0,2.95
145163,550515,85123A,WHITE HANGING HEART T-LIGHT HOLDER,1,4/18/2011 17:29,2.95,14502.0,United Kingdom,16,4,2.95,16.0,5.0,2.95
134725,550517,85123A,WHITE HANGING HEART T-LIGHT HOLDER,6,4/19/2011 8:17,2.95,14352.0,United Kingdom,16,4,17.700000000000003,16.0,1.0,2.95
58696,550519,85123A,WHITE HANGING HEART T-LIGHT HOLDER,18,4/19/2011 9:31,2.95,13141.0,United Kingdom,16,4,53.1,16.0,6.0,2.95
361634,550528,85123A,WHITE HANGING HEART T-LIGHT HOLDER,6,4/19/2011 10:49,2.95,17663.0,United Kingdom,16,4,17.700000000000003,16.0,18.0,2.95
156615,550532,85123A,WHITE HANGING HEART T-LIGHT HOLDER,2,4/19/2011 11:02,2.95,14606.0,United Kingdom,16,4,5.9,16.0,6.0,2.95
456452,550541,85123A,WHITE HANGING HEART T-LIGHT HOLDER,1,4/19/2011 11:33,5.79,,United Kingdom,16,4,5.79,16.0,2.0,2.95
456487,550541,85123A,WHITE HANGING HEART T-LIGHT HOLDER,5,4/19/2011 11:33,2.95,,United Kingdom,16,4,14.75,16.0,1.0,5.79
456646,550542,85123A,WHITE HANGING HEART T-LIGHT HOLDER,29,4/19/2011 11:37,2.95,,United Kingdom,16,4,85.55000000000001,16.0,5.0,2.95
128126,550560,85123A,WHITE HANGING HEART T-LIGHT HOLDER,6,4/19/2011 11:46,2.95,14242.0,United Kingdom,16,4,17.700000000000003,16.0,29.0,2.95
238404,550619,85123A,WHITE HANGING HEART T-LIGHT HOLDER,12,4/19/2011 13:21,2.95,15717.0,United Kingdom,16,4,35.400000000000006,16.0,6.0,2.95
65167,550621,85123A,WHITE HANGING HEART T-LIGHT HOLDER,2,4/19/2011 13:41,2.95,13263.0,United Kingdom,16,4,5.9,16.0,12.0,2.95
207010,550631,85123A,WHITE HANGING HEART T-LIGHT HOLDER,12,4/19/2011 14:51,2.95,15225.0,United Kingdom,16,4,35.400000000000006,16.0,2.0,2.95
138539,550637,85123A,WHITE HANGING HEART T-LIGHT HOLDER,8,4/19/2011 15:39,2.95,14415.0,United Kingdom,16,4,23.6,16.0,12.0,2.95
456957,550638,85123A,WHITE HANGING HEART T-LIGHT HOLDER,3,4/19/2011 15:44,2.95,,United Kingdom,16,4,8.850000000000001,16.0,8.0,2.95
360897,550656,85123A,WHITE HANGING HEART T-LIGHT HOLDER,6,4/20/2011 8:07,2.95,17652.0,United Kingdom,16,4,17.700000000000003,16.0,3.0,2.95
180117,550701,85123A,WHITE HANGING HEART T-LIGHT HOLDER,32,4/20/2011 10:48,2.55,14905.0,United Kingdom,16,4,81.6,16.0,6.0,2.95
86026,550750,85123A,WHITE HANGING HEART T-LIGHT HOLDER,12,4/20/2011 11:45,2.95,13632.0,United Kingdom,16,4,35.400000000000006,16.0,32.0,2.55
253913,550769,85123A,WHITE HANGING HEART T-LIGHT HOLDER,5,4/20/2011 12:56,2.95,15984.0,United Kingdom,16,4,14.75,16.0,12.0,2.95
158778,550774,85123A,WHITE HANGING HEART T-LIGHT HOLDER,12,4/20/2011 13:18,2.95,14626.0,United Kingdom,16,4,35.400000000000006,16.0,5.0,2.95
326808,550802,85123A,WHITE HANGING HEART T-LIGHT HOLDER,6,4/20/2011 15:21,2.95,17120.0,United Kingdom,16,4,17.700000000000003,16.0,12.0,2.95
59017,550820,85123A,WHITE HANGING HEART T-LIGHT HOLDER,6,4/21/2011 8:43,2.95,13148.0,United Kingdom,16,4,17.700000000000003,16.0,6.0,2.95
337112,550828,85123A,WHITE HANGING HEART T-LIGHT HOLDER,6,4/21/2011 10:19,2.95,17315.0,United Kingdom,16,4,17.700000000000003,16.0,6.0,2.95
194230,550835,85123A,WHITE HANGING HEART T-LIGHT HOLDER,3,4/21/2011 10:52,2.95,15034.0,United Kingdom,16,4,8.850000000000001,16.0,6.0,2.95
172811,550921,85123A,WHITE HANGING HEART T-LIGHT HOLDER,6,4/21/2011 14:21,2.95,14770.0,United Kingdom,16,4,17.700000000000003,16.0,3.0,2.95
78534,550936,85123A,WHITE HANGING HEART T-LIGHT HOLDER,32,4/21/2011 15:15,2.55,13495.0,United Kingdom,16,4,81.6,16.0,6.0,2.95
265037,550939,85123A,WHITE HANGING HEART T-LIGHT HOLDER,24,4/21/2011 15:25,2.95,16146.0,United Kingdom,16,4,70.80000000000001,16.0,32.0,2.55
457135,550953,85123A,WHITE HANGING HEART T-LIGHT HOLDER,5,4/21/2011 16:17,5.79,,United Kingdom,16,4,28.95,16.0,24.0,2.95
209609,550958,85123A,WHITE HANGING HEART T-LIGHT HOLDER,6,4/21/2011 16:37,2.95,15281.0,United Kingdom,16,4,17.700000000000003,16.0,5.0,5.79
247174,550964,85123A,WHITE HANGING HEART T-LIGHT HOLDER,32,4/21/2011 16:48,2.55,15856.0,United Kingdom,16,4,81.6,16.0,6.0,2.95
457447,550986,85123A,WHITE HANGING HEART T-LIGHT HOLDER,1,4/21/2011 18:06,5.79,,United Kingdom,16,4,5.79,16.0,32.0,2.55
457613,550987,85123A,WHITE HANGING HEART T-LIGHT HOLDER,16,4/21/2011 18:10,2.95,,United Kingdom,16,4,47.2,16.0,1.0,5.79
95036,551021,85123A,WHITE HANGING HEART T-LIGHT HOLDER,128,4/26/2011 11:25,2.55,13798.0,United Kingdom,17,4,326.4,16.0,16.0,2.95
316968,551057,85123A,WHITE HANGING HEART T-LIGHT HOLDER,4,4/26/2011 11:59,2.95,16942.0,United Kingdom,17,4,11.8,17.0,128.0,2.55
316978,551057,85123A,WHITE HANGING HEART T-LIGHT HOLDER,2,4/26/2011 11:59,2.95,16942.0,United Kingdom,17,4,5.9,17.0,4.0,2.95
316987,551057,85123A,WHITE HANGING HEART T-LIGHT HOLDER,1,4/26/2011 11:59,2.95,16942.0,United Kingdom,17,4,2.95,17.0,2.0,2.95
299420,551134,85123A,WHITE HANGING HEART T-LIGHT HOLDER,10,4/26/2011 13:02,2.95,16729.0,United Kingdom,17,4,29.5,17.0,1.0,2.95
358688,551142,85123A,WHITE HANGING HEART T-LIGHT HOLDER,6,4/26/2011 13:22,2.95,17613.0,United Kingdom,17,4,17.700000000000003,17.0,10.0,2.95
401643,551161,85123A,WHITE HANGING HEART T-LIGHT HOLDER,6,4/26/2011 15:26,2.95,18183.0,United Kingdom,17,4,17.700000000000003,17.0,6.0,2.95
16841,551163,85123A,WHITE HANGING HEART T-LIGHT HOLDER,9,4/26/2011 15:52,2.95,12573.0,France,17,4,26.55,17.0,6.0,2.95
65268,551171,85123A,WHITE HANGING HEART T-LIGHT HOLDER,1,4/26/2011 16:45,2.95,13263.0,United Kingdom,17,4,2.95,17.0,9.0,2.95
383446,551172,85123A,WHITE HANGING HEART T-LIGHT HOLDER,5,4/26/2011 16:53,2.95,17854.0,United Kingdom,17,4,14.75,17.0,1.0,2.95
458105,551173,85123A,WHITE HANGING HEART T-LIGHT HOLDER,1,4/26/2011 16:54,5.79,,United Kingdom,17,4,5.79,17.0,5.0,2.95
458265,551174,85123A,WHITE HANGING HEART T-LIGHT HOLDER,6,4/26/2011 17:02,2.95,,United Kingdom,17,4,17.700000000000003,17.0,1.0,5.79
38267,551269,85123A,WHITE HANGING HEART T-LIGHT HOLDER,6,4/27/2011 12:21,2.95,12840.0,United Kingdom,17,4,17.700000000000003,17.0,6.0,2.95
86505,551277,85123A,WHITE HANGING HEART T-LIGHT HOLDER,4,4/27/2011 13:06,2.95,13637.0,United Kingdom,17,4,11.8,17.0,6.0,2.95
301851,551283,85123A,WHITE HANGING HEART T-LIGHT HOLDER,2,4/27/2011 14:01,2.95,16755.0,United Kingdom,17,4,5.9,17.0,4.0,2.95
190377,551284,85123A,WHITE HANGING HEART T-LIGHT HOLDER,6,4/27/2011 14:05,2.95,15005.0,United Kingdom,17,4,17.700000000000003,17.0,2.0,2.95
93552,551286,85123A,WHITE HANGING HEART T-LIGHT HOLDER,12,4/27/2011 14:16,2.95,13767.0,United Kingdom,17,4,35.400000000000006,17.0,6.0,2.95
362564,551301,85123A,WHITE HANGING HEART T-LIGHT HOLDER,32,4/27/2011 14:49,2.55,17675.0,United Kingdom,17,4,81.6,17.0,12.0,2.95
264870,551305,85123A,WHITE HANGING HEART T-LIGHT HOLDER,6,4/27/2011 14:58,2.95,16145.0,United Kingdom,17,4,17.700000000000003,17.0,32.0,2.55
458385,551339,85123A,WHITE HANGING HEART T-LIGHT HOLDER,3,4/27/2011 17:18,5.79,,United Kingdom,17,4,17.37,17.0,6.0,2.95
458499,551340,85123A,WHITE HANGING HEART T-LIGHT HOLDER,2,4/27/2011 17:23,2.95,,United Kingdom,17,4,5.9,17.0,3.0,5.79
131488,551351,85123A,WHITE HANGING HEART T-LIGHT HOLDER,32,4/28/2011 10:20,2.55,14298.0,United Kingdom,17,4,81.6,17.0,2.0,2.95
348135,551383,85123A,WHITE HANGING HEART T-LIGHT HOLDER,12,4/28/2011 10:54,2.95,17460.0,United Kingdom,17,4,35.400000000000006,17.0,32.0,2.55
129300,551395,85123A,WHITE HANGING HEART T-LIGHT HOLDER,6,4/28/2011 12:47,2.95,14271.0,United Kingdom,17,4,17.700000000000003,17.0,12.0,2.95
224390,551412,85123A,WHITE HANGING HEART T-LIGHT HOLDER,4,4/28/2011 13:31,2.95,15508.0,United Kingdom,17,4,11.8,17.0,6.0,2.95
105767,551426,85123A,WHITE HANGING HEART T-LIGHT HOLDER,12,4/28/2011 14:39,2.95,14022.0,United Kingdom,17,4,35.400000000000006,17.0,4.0,2.95
73300,551438,85123A,WHITE HANGING HEART T-LIGHT HOLDER,32,4/28/2011 15:23,2.55,13408.0,United Kingdom,17,4,81.6,17.0,12.0,2.95
458645,551468,85123A,WHITE HANGING HEART T-LIGHT HOLDER,13,4/28/2011 16:21,2.95,,United Kingdom,17,4,38.35,17.0,32.0,2.55
315597,551517,85123A,WHITE HANGING HEART T-LIGHT HOLDER,2,5/1/2011 11:14,2.95,16931.0,United Kingdom,17,5,5.9,17.0,13.0,2.95
238045,551518,85123A,WHITE HANGING HEART T-LIGHT HOLDER,10,5/1/2011 11:36,2.95,15708.0,United Kingdom,17,5,29.5,17.0,2.0,2.95
458683,551536,85123A,WHITE HANGING HEART T-LIGHT HOLDER,1,5/3/2011 8:35,2.95,,United Kingdom,18,5,2.95,17.0,10.0,2.95
169911,551542,85123A,WHITE HANGING HEART T-LIGHT HOLDER,6,5/3/2011 9:05,2.95,14732.0,United Kingdom,18,5,17.700000000000003,18.0,1.0,2.95
290608,551564,85123A,WHITE HANGING HEART T-LIGHT HOLDER,6,5/3/2011 10:56,2.95,16609.0,United Kingdom,18,5,17.700000000000003,18.0,6.0,2.95
256897,551617,85123A,WHITE HANGING HEART T-LIGHT HOLDER,192,5/3/2011 11:41,2.55,16013.0,United Kingdom,18,5,489.59999999999997,18.0,6.0,2.95
38842,551623,85123A,WHITE HANGING HEART T-LIGHT HOLDER,12,5/3/2011 11:44,2.95,12843.0,United Kingdom,18,5,35.400000000000006,18.0,192.0,2.55
181552,551656,85123A,WHITE HANGING HEART T-LIGHT HOLDER,6,5/3/2011 12:10,2.95,14911.0,EIRE,18,5,17.700000000000003,18.0,12.0,2.95
209046,551660,85123A,WHITE HANGING HEART T-LIGHT HOLDER,12,5/3/2011 12:16,2.95,15271.0,United Kingdom,18,5,35.400000000000006,18.0,6.0,2.95
268525,551662,85123A,WHITE HANGING HEART T-LIGHT HOLDER,32,5/3/2011 12:24,2.55,16210.0,United Kingdom,18,5,81.6,18.0,12.0,2.95
118453,551696,85123A,WHITE HANGING HEART T-LIGHT HOLDER,32,5/3/2011 13:39,2.55,14110.0,United Kingdom,18,5,81.6,18.0,32.0,2.55
269412,551713,85123A,WHITE HANGING HEART T-LIGHT HOLDER,6,5/3/2011 15:12,2.95,16230.0,United Kingdom,18,5,17.700000000000003,18.0,32.0,2.55
65293,551717,85123A,WHITE HANGING HEART T-LIGHT HOLDER,6,5/3/2011 15:59,2.95,13263.0,United Kingdom,18,5,17.700000000000003,18.0,6.0,2.95
400120,551720,85123A,WHITE HANGING HEART T-LIGHT HOLDER,6,5/3/2011 16:35,2.95,18146.0,United Kingdom,18,5,17.700000000000003,18.0,6.0,2.95
132936,551731,85123A,WHITE HANGING HEART T-LIGHT HOLDER,6,5/4/2011 9:57,2.95,14307.0,United Kingdom,18,5,17.700000000000003,18.0,6.0,2.95
156701,551774,85123A,WHITE HANGING HEART T-LIGHT HOLDER,3,5/4/2011 11:12,2.95,14606.0,United Kingdom,18,5,8.850000000000001,18.0,6.0,2.95
41133,551775,85123A,WHITE HANGING HEART T-LIGHT HOLDER,6,5/4/2011 11:21,2.95,12886.0,United Kingdom,18,5,17.700000000000003,18.0,3.0,2.95
350589,551809,85123A,WHITE HANGING HEART T-LIGHT HOLDER,32,5/4/2011 11:32,2.55,17511.0,United Kingdom,18,5,81.6,18.0,6.0,2.95
238783,551810,85123A,WHITE HANGING HEART T-LIGHT HOLDER,4,5/4/2011 11:32,2.95,15719.0,United Kingdom,18,5,11.8,18.0,32.0,2.55
393766,551813,85123A,WHITE HANGING HEART T-LIGHT HOLDER,12,5/4/2011 11:43,2.95,18065.0,United Kingdom,18,5,35.400000000000006,18.0,4.0,2.95
80470,551822,85123A,WHITE HANGING HEART T-LIGHT HOLDER,2,5/4/2011 12:26,2.95,13524.0,United Kingdom,18,5,5.9,18.0,12.0,2.95
290845,551834,85123A,WHITE HANGING HEART T-LIGHT HOLDER,6,5/4/2011 13:13,2.95,16610.0,United Kingdom,18,5,17.700000000000003,18.0,2.0,2.95
123520,551844,85123A,WHITE HANGING HEART T-LIGHT HOLDER,12,5/4/2011 14:03,2.95,14173.0,United Kingdom,18,5,35.400000000000006,18.0,6.0,2.95
224393,551860,85123A,WHITE HANGING HEART T-LIGHT HOLDER,2,5/4/2011 15:41,2.95,15508.0,United Kingdom,18,5,5.9,18.0,12.0,2.95
177955,551876,85123A,WHITE HANGING HEART T-LIGHT HOLDER,6,5/5/2011 8:18,2.95,14867.0,United Kingdom,18,5,17.700000000000003,18.0,2.0,2.95
96534,551879,85123A,WHITE HANGING HEART T-LIGHT HOLDER,64,5/5/2011 8:33,2.55,13831.0,United Kingdom,18,5,163.2,18.0,6.0,2.95
90418,551897,85123A,WHITE HANGING HEART T-LIGHT HOLDER,6,5/5/2011 10:31,2.95,13711.0,United Kingdom,18,5,17.700000000000003,18.0,64.0,2.55
404690,551960,85123A,WHITE HANGING HEART T-LIGHT HOLDER,6,5/5/2011 12:38,2.95,18239.0,United Kingdom,18,5,17.700000000000003,18.0,6.0,2.95
215151,551966,85123A,WHITE HANGING HEART T-LIGHT HOLDER,7,5/5/2011 13:14,2.95,15356.0,United Kingdom,18,5,20.650000000000002,18.0,6.0,2.95
282674,551967,85123A,WHITE HANGING HEART T-LIGHT HOLDER,6,5/5/2011 13:19,2.95,16457.0,United Kingdom,18,5,17.700000000000003,18.0,7.0,2.95
89135,551981,85123A,WHITE HANGING HEART T-LIGHT HOLDER,192,5/5/2011 13:53,2.55,13694.0,United Kingdom,18,5,489.59999999999997,18.0,6.0,2.95
192701,551982,85123A,WHITE HANGING HEART T-LIGHT HOLDER,32,5/5/2011 13:56,2.55,15023.0,United Kingdom,18,5,81.6,18.0,192.0,2.55
99689,551986,85123A,WHITE HANGING HEART T-LIGHT HOLDER,7,5/5/2011 14:41,2.95,13888.0,United Kingdom,18,5,20.650000000000002,18.0,32.0,2.55
190448,551987,85123A,WHITE HANGING HEART T-LIGHT HOLDER,7,5/5/2011 14:55,2.95,15005.0,United Kingdom,18,5,20.650000000000002,18.0,7.0,2.95
139573,551989,85123A,WHITE HANGING HEART T-LIGHT HOLDER,64,5/5/2011 15:12,2.55,14423.0,United Kingdom,18,5,163.2,18.0,7.0,2.95
29768,551992,85123A,WHITE HANGING HEART T-LIGHT HOLDER,6,5/5/2011 15:31,2.95,12747.0,United Kingdom,18,5,17.700000000000003,18.0,64.0,2.55
40547,551994,85123A,WHITE HANGING HEART T-LIGHT HOLDER,6,5/5/2011 15:42,2.95,12868.0,United Kingdom,18,5,17.700000000000003,18.0,6.0,2.95
459479,551997,85123A,WHITE HANGING HEART T-LIGHT HOLDER,3,5/5/2011 15:47,5.79,,United Kingdom,18,5,17.37,18.0,6.0,2.95
168262,552010,85123A,WHITE HANGING HEART T-LIGHT HOLDER,3,5/5/2011 17:26,2.95,14713.0,United Kingdom,18,5,8.850000000000001,18.0,3.0,5.79
97935,552011,85123A,WHITE HANGING HEART T-LIGHT HOLDER,6,5/5/2011 17:28,2.95,13867.0,United Kingdom,18,5,17.700000000000003,18.0,3.0,2.95
51574,552039,85123A,WHITE HANGING HEART T-LIGHT HOLDER,64,5/6/2011 8:10,2.55,13081.0,United Kingdom,18,5,163.2,18.0,6.0,2.95
404710,552045,85123A,WHITE HANGING HEART T-LIGHT HOLDER,6,5/6/2011 9:22,2.95,18241.0,United Kingdom,18,5,17.700000000000003,18.0,64.0,2.55
206680,552058,85123A,WHITE HANGING HEART T-LIGHT HOLDER,32,5/6/2011 10:36,2.55,15218.0,United Kingdom,18,5,81.6,18.0,6.0,2.95
187429,552134,85123A,WHITE HANGING HEART T-LIGHT HOLDER,32,5/6/2011 11:50,2.55,14944.0,United Kingdom,18,5,81.6,18.0,32.0,2.55
77467,552166,85123A,WHITE HANGING HEART T-LIGHT HOLDER,6,5/6/2011 12:21,2.95,13475.0,United Kingdom,18,5,17.700000000000003,18.0,32.0,2.55
400823,552217,85123A,WHITE HANGING HEART T-LIGHT HOLDER,32,5/6/2011 15:13,2.55,18170.0,United Kingdom,18,5,81.6,18.0,6.0,2.95
459868,552229,85123A,WHITE HANGING HEART T-LIGHT HOLDER,2,5/6/2011 15:40,5.79,,United Kingdom,18,5,11.58,18.0,32.0,2.55
460210,552232,85123A,WHITE HANGING HEART T-LIGHT HOLDER,4,5/6/2011 15:54,5.79,,United Kingdom,18,5,23.16,18.0,2.0,5.79
460323,552234,85123A,WHITE HANGING HEART T-LIGHT HOLDER,1,5/6/2011 16:01,5.79,,United Kingdom,18,5,5.79,18.0,4.0,5.79
181649,552262,85123A,WHITE HANGING HEART T-LIGHT HOLDER,6,5/8/2011 11:37,2.95,14911.0,EIRE,18,5,17.700000000000003,18.0,1.0,5.79
123245,552265,85123A,WHITE HANGING HEART T-LIGHT HOLDER,6,5/8/2011 11:41,2.95,14161.0,United Kingdom,18,5,17.700000000000003,18.0,6.0,2.95
263527,552269,85123A,WHITE HANGING HEART T-LIGHT HOLDER,4,5/8/2011 11:52,2.95,16121.0,United Kingdom,18,5,11.8,18.0,6.0,2.95
263490,552269,85123A,WHITE HANGING HEART T-LIGHT HOLDER,2,5/8/2011 11:52,2.95,16121.0,United Kingdom,18,5,5.9,18.0,4.0,2.95
82359,552280,85123A,WHITE HANGING HEART T-LIGHT HOLDER,32,5/8/2011 12:39,2.55,13561.0,United Kingdom,18,5,81.6,18.0,2.0,2.95
237483,552281,85123A,WHITE HANGING HEART T-LIGHT HOLDER,18,5/8/2011 12:42,2.95,15704.0,United Kingdom,18,5,53.1,18.0,32.0,2.55
164805,552285,85123A,WHITE HANGING HEART T-LIGHT HOLDER,5,5/8/2011 12:58,2.95,14684.0,United Kingdom,18,5,14.75,18.0,18.0,2.95
164897,552285,85123A,WHITE HANGING HEART T-LIGHT HOLDER,1,5/8/2011 12:58,2.95,14684.0,United Kingdom,18,5,2.95,18.0,5.0,2.95
68964,552288,85123A,WHITE HANGING HEART T-LIGHT HOLDER,12,5/8/2011 13:20,2.95,13313.0,United Kingdom,18,5,35.400000000000006,18.0,1.0,2.95
255965,552290,85123A,WHITE HANGING HEART T-LIGHT HOLDER,6,5/8/2011 13:32,2.95,16007.0,United Kingdom,18,5,17.700000000000003,18.0,12.0,2.95
269451,552294,85123A,WHITE HANGING HEART T-LIGHT HOLDER,12,5/8/2011 14:06,2.95,16232.0,United Kingdom,18,5,35.400000000000006,18.0,6.0,2.95
213578,552311,85123A,WHITE HANGING HEART T-LIGHT HOLDER,32,5/8/2011 15:22,2.55,15312.0,United Kingdom,18,5,81.6,18.0,12.0,2.95
236021,552316,85123A,WHITE HANGING HEART T-LIGHT HOLDER,6,5/8/2011 16:11,2.95,15674.0,United Kingdom,18,5,17.700000000000003,18.0,32.0,2.55
302005,552323,85123A,WHITE HANGING HEART T-LIGHT HOLDER,6,5/9/2011 9:33,2.95,16756.0,United Kingdom,19,5,17.700000000000003,18.0,6.0,2.95
402951,552357,85123A,WHITE HANGING HEART T-LIGHT HOLDER,6,5/9/2011 12:16,2.95,18219.0,United Kingdom,19,5,17.700000000000003,19.0,6.0,2.95
251908,552404,85123A,WHITE HANGING HEART T-LIGHT HOLDER,32,5/9/2011 12:39,2.55,15932.0,United Kingdom,19,5,81.6,19.0,6.0,2.95
359982,552444,85123A,WHITE HANGING HEART T-LIGHT HOLDER,3,5/9/2011 13:10,2.95,17634.0,United Kingdom,19,5,8.850000000000001,19.0,32.0,2.55
401000,552454,85123A,WHITE HANGING HEART T-LIGHT HOLDER,128,5/9/2011 14:22,2.55,18172.0,United Kingdom,19,5,326.4,19.0,3.0,2.95
284383,552457,85123A,WHITE HANGING HEART T-LIGHT HOLDER,6,5/9/2011 14:40,2.95,16477.0,United Kingdom,19,5,17.700000000000003,19.0,128.0,2.55
76316,552466,85123A,WHITE HANGING HEART T-LIGHT HOLDER,32,5/9/2011 15:21,2.55,13458.0,United Kingdom,19,5,81.6,19.0,6.0,2.95
461063,552520,85123A,WHITE HANGING HEART T-LIGHT HOLDER,1,5/9/2011 16:34,5.79,,United Kingdom,19,5,5.79,19.0,32.0,2.55
461132,552522,85123A,WHITE HANGING HEART T-LIGHT HOLDER,2,5/9/2011 16:37,2.95,,United Kingdom,19,5,5.9,19.0,1.0,5.79
126082,552536,85123A,WHITE HANGING HEART T-LIGHT HOLDER,32,5/10/2011 10:00,2.55,14209.0,United Kingdom,19,5,81.6,19.0,2.0,2.95
461169,552540,85123A,WHITE HANGING HEART T-LIGHT HOLDER,12,5/10/2011 10:18,2.95,,EIRE,19,5,35.400000000000006,19.0,32.0,2.55
38864,552554,85123A,WHITE HANGING HEART T-LIGHT HOLDER,8,5/10/2011 11:04,2.95,12843.0,United Kingdom,19,5,23.6,19.0,12.0,2.95
364743,552638,85123A,WHITE HANGING HEART T-LIGHT HOLDER,32,5/10/2011 13:00,2.55,17700.0,United Kingdom,19,5,81.6,19.0,8.0,2.95
202264,552639,85123A,WHITE HANGING HEART T-LIGHT HOLDER,6,5/10/2011 13:18,2.95,15134.0,United Kingdom,19,5,17.700000000000003,19.0,32.0,2.55
286363,552641,85123A,WHITE HANGING HEART T-LIGHT HOLDER,32,5/10/2011 13:20,2.55,16525.0,United Kingdom,19,5,81.6,19.0,6.0,2.95
305044,552643,85123A,WHITE HANGING HEART T-LIGHT HOLDER,2,5/10/2011 13:24,2.95,16791.0,United Kingdom,19,5,5.9,19.0,32.0,2.55
154578,552655,85123A,WHITE HANGING HEART T-LIGHT HOLDER,2,5/10/2011 14:22,2.95,14587.0,United Kingdom,19,5,5.9,19.0,2.0,2.95
461325,552662,85123a,WHITE HANGING HEART T-LIGHT HOLDER,5,5/10/2011 15:04,6.63,,United Kingdom,19,5,33.15,19.0,2.0,2.95
461430,552665,85123a,WHITE HANGING HEART T-LIGHT HOLDER,1,5/10/2011 15:05,6.63,,United Kingdom,19,5,6.63,19.0,5.0,6.63
461491,552666,85123a,WHITE HANGING HEART T-LIGHT HOLDER,6,5/10/2011 15:05,6.63,,United Kingdom,19,5,39.78,19.0,1.0,6.63
461658,552671,85123a,WHITE HANGING HEART T-LIGHT HOLDER,1,5/10/2011 15:06,6.63,,United Kingdom,19,5,6.63,19.0,6.0,6.63
461729,552672,85123a,WHITE HANGING HEART T-LIGHT HOLDER,1,5/10/2011 15:06,6.63,,United Kingdom,19,5,6.63,19.0,1.0,6.63
461923,552676,85123a,WHITE HANGING HEART T-LIGHT HOLDER,2,5/10/2011 15:07,6.63,,United Kingdom,19,5,13.26,19.0,1.0,6.63
461974,552677,85123a,WHITE HANGING HEART T-LIGHT HOLDER,2,5/10/2011 15:07,6.63,,United Kingdom,19,5,13.26,19.0,2.0,6.63
462150,552684,85123a,WHITE HANGING HEART T-LIGHT HOLDER,1,5/10/2011 15:09,6.63,,United Kingdom,19,5,6.63,19.0,2.0,6.63
142968,552703,85123A,WHITE HANGING HEART T-LIGHT HOLDER,4,5/10/2011 16:00,2.95,14462.0,United Kingdom,19,5,11.8,19.0,1.0,6.63
77889,552708,85123A,WHITE HANGING HEART T-LIGHT HOLDER,12,5/10/2011 16:19,2.95,13487.0,United Kingdom,19,5,35.400000000000006,19.0,4.0,2.95
269911,552769,85123A,WHITE HANGING HEART T-LIGHT HOLDER,2,5/11/2011 11:47,2.95,16241.0,United Kingdom,19,5,5.9,19.0,12.0,2.95
398047,552821,85123A,WHITE HANGING HEART T-LIGHT HOLDER,7,5/11/2011 12:58,2.95,18118.0,United Kingdom,19,5,20.650000000000002,19.0,2.0,2.95
31122,552829,85123A,WHITE HANGING HEART T-LIGHT HOLDER,32,5/11/2011 13:42,2.55,12748.0,United Kingdom,19,5,81.6,19.0,7.0,2.95
49858,552831,85123A,WHITE HANGING HEART T-LIGHT HOLDER,23,5/11/2011 14:12,2.95,13052.0,United Kingdom,19,5,67.85000000000001,19.0,32.0,2.55
161707,552843,85123A,WHITE HANGING HEART T-LIGHT HOLDER,32,5/11/2011 14:37,2.55,14649.0,United Kingdom,19,5,81.6,19.0,23.0,2.95
135317,552848,85123A,WHITE HANGING HEART T-LIGHT HOLDER,12,5/11/2011 14:49,2.95,14367.0,United Kingdom,19,5,35.400000000000006,19.0,32.0,2.55
135323,552850,85123A,WHITE HANGING HEART T-LIGHT HOLDER,12,5/11/2011 14:54,2.95,14367.0,United Kingdom,19,5,35.400000000000006,19.0,12.0,2.95
224732,552867,85123A,WHITE HANGING HEART T-LIGHT HOLDER,32,5/12/2011 8:36,2.55,15513.0,United Kingdom,19,5,81.6,19.0,12.0,2.95
319077,552872,85123A,WHITE HANGING HEART T-LIGHT HOLDER,32,5/12/2011 9:09,2.55,16985.0,United Kingdom,19,5,81.6,19.0,32.0,2.55
178587,552877,85123A,WHITE HANGING HEART T-LIGHT HOLDER,6,5/12/2011 9:49,2.95,14883.0,United Kingdom,19,5,17.700000000000003,19.0,32.0,2.55
404957,552880,85123A,WHITE HANGING HEART T-LIGHT HOLDER,6,5/12/2011 9:59,2.95,18245.0,United Kingdom,19,5,17.700000000000003,19.0,6.0,2.95
252572,552945,85123A,WHITE HANGING HEART T-LIGHT HOLDER,32,5/12/2011 11:44,2.55,15953.0,United Kingdom,19,5,81.6,19.0,6.0,2.95
258881,552949,85123A,WHITE HANGING HEART T-LIGHT HOLDER,10,5/12/2011 12:01,2.95,16033.0,United Kingdom,19,5,29.5,19.0,32.0,2.55
110070,552954,85123A,WHITE HANGING HEART T-LIGHT HOLDER,32,5/12/2011 12:30,2.55,14064.0,United Kingdom,19,5,81.6,19.0,10.0,2.95
260783,552964,85123A,WHITE HANGING HEART T-LIGHT HOLDER,6,5/12/2011 13:05,2.95,16057.0,United Kingdom,19,5,17.700000000000003,19.0,32.0,2.55
105753,552969,85123A,WHITE HANGING HEART T-LIGHT HOLDER,6,5/12/2011 13:37,2.95,14021.0,United Kingdom,19,5,17.700000000000003,19.0,6.0,2.95
170461,552971,85123A,WHITE HANGING HEART T-LIGHT HOLDER,6,5/12/2011 13:41,2.95,14738.0,United Kingdom,19,5,17.700000000000003,19.0,6.0,2.95
260043,552972,85123A,WHITE HANGING HEART T-LIGHT HOLDER,24,5/12/2011 13:43,2.95,16043.0,United Kingdom,19,5,70.80000000000001,19.0,6.0,2.95
65371,553002,85123A,WHITE HANGING HEART T-LIGHT HOLDER,3,5/12/2011 15:26,2.95,13263.0,United Kingdom,19,5,8.850000000000001,19.0,24.0,2.95
161930,553005,85123A,WHITE HANGING HEART T-LIGHT HOLDER,2,5/12/2011 16:29,2.95,14651.0,United Kingdom,19,5,5.9,19.0,3.0,2.95
462700,553013,85123A,WHITE HANGING HEART T-LIGHT HOLDER,6,5/12/2011 18:19,5.79,,United Kingdom,19,5,34.74,19.0,2.0,2.95
401009,553021,85123A,WHITE HANGING HEART T-LIGHT HOLDER,24,5/12/2011 19:22,2.95,18172.0,United Kingdom,19,5,70.80000000000001,19.0,6.0,5.79
371394,553058,85123A,WHITE HANGING HEART T-LIGHT HOLDER,10,5/13/2011 10:44,2.95,17790.0,United Kingdom,19,5,29.5,19.0,24.0,2.95
125354,553158,85123A,WHITE HANGING HEART T-LIGHT HOLDER,6,5/13/2011 15:24,2.95,14194.0,United Kingdom,19,5,17.700000000000003,19.0,10.0,2.95
85690,553165,85123A,WHITE HANGING HEART T-LIGHT HOLDER,3,5/13/2011 16:12,2.95,13623.0,United Kingdom,19,5,8.850000000000001,19.0,6.0,2.95
361257,553166,85123A,WHITE HANGING HEART T-LIGHT HOLDER,6,5/13/2011 16:14,2.95,17655.0,United Kingdom,19,5,17.700000000000003,19.0,3.0,2.95
268320,553174,85123A,WHITE HANGING HEART T-LIGHT HOLDER,2,5/15/2011 11:04,2.95,16206.0,United Kingdom,19,5,5.9,19.0,6.0,2.95
165536,553176,85123A,WHITE HANGING HEART T-LIGHT HOLDER,3,5/15/2011 11:22,2.95,14689.0,United Kingdom,19,5,8.850000000000001,19.0,2.0,2.95
54584,553177,85123A,WHITE HANGING HEART T-LIGHT HOLDER,18,5/15/2011 11:23,2.95,13094.0,United Kingdom,19,5,53.1,19.0,3.0,2.95
283397,553180,85123A,WHITE HANGING HEART T-LIGHT HOLDER,12,5/15/2011 11:35,2.95,16466.0,United Kingdom,19,5,35.400000000000006,19.0,18.0,2.95
326040,553182,85123A,WHITE HANGING HEART T-LIGHT HOLDER,64,5/15/2011 12:21,2.55,17107.0,United Kingdom,19,5,163.2,19.0,12.0,2.95
216861,553188,85123A,WHITE HANGING HEART T-LIGHT HOLDER,12,5/15/2011 12:55,2.95,15379.0,United Kingdom,19,5,35.400000000000006,19.0,64.0,2.55
199967,553193,85123A,WHITE HANGING HEART T-LIGHT HOLDER,6,5/15/2011 13:31,2.95,15081.0,United Kingdom,19,5,17.700000000000003,19.0,12.0,2.95
334683,553197,85123A,WHITE HANGING HEART T-LIGHT HOLDER,2,5/15/2011 14:32,2.95,17263.0,United Kingdom,19,5,5.9,19.0,6.0,2.95
181684,553203,85123A,WHITE HANGING HEART T-LIGHT HOLDER,24,5/15/2011 16:10,2.95,14911.0,EIRE,19,5,70.80000000000001,19.0,2.0,2.95
94355,553209,85123A,WHITE HANGING HEART T-LIGHT HOLDER,48,5/16/2011 9:23,2.55,13777.0,United Kingdom,20,5,122.39999999999999,19.0,24.0,2.95
93853,553219,85123A,WHITE HANGING HEART T-LIGHT HOLDER,6,5/16/2011 9:57,2.95,13769.0,United Kingdom,20,5,17.700000000000003,20.0,48.0,2.55
295812,553315,85123A,WHITE HANGING HEART T-LIGHT HOLDER,64,5/16/2011 12:03,2.55,16705.0,United Kingdom,20,5,163.2,20.0,6.0,2.95
272962,553342,85123A,WHITE HANGING HEART T-LIGHT HOLDER,6,5/16/2011 12:26,2.95,16293.0,United Kingdom,20,5,17.700000000000003,20.0,64.0,2.55
299491,553345,85123A,WHITE HANGING HEART T-LIGHT HOLDER,5,5/16/2011 12:53,2.95,16729.0,United Kingdom,20,5,14.75,20.0,6.0,2.95
40592,553350,85123A,WHITE HANGING HEART T-LIGHT HOLDER,32,5/16/2011 13:32,2.55,12871.0,United Kingdom,20,5,81.6,20.0,5.0,2.95
398106,553351,85123A,WHITE HANGING HEART T-LIGHT HOLDER,4,5/16/2011 13:35,2.95,18118.0,United Kingdom,20,5,11.8,20.0,32.0,2.55
86969,553363,85123A,WHITE HANGING HEART T-LIGHT HOLDER,12,5/16/2011 14:19,2.95,13650.0,United Kingdom,20,5,35.400000000000006,20.0,4.0,2.95
463269,553387,85123A,WHITE HANGING HEART T-LIGHT HOLDER,6,5/16/2011 16:33,2.95,,United Kingdom,20,5,17.700000000000003,20.0,12.0,2.95
376746,553390,85123A,WHITE HANGING HEART T-LIGHT HOLDER,4,5/16/2011 16:41,2.95,17841.0,United Kingdom,20,5,11.8,20.0,6.0,2.95
463524,553393,85123A,WHITE HANGING HEART T-LIGHT HOLDER,14,5/16/2011 16:46,2.95,,United Kingdom,20,5,41.300000000000004,20.0,4.0,2.95
133421,553410,85123A,WHITE HANGING HEART T-LIGHT HOLDER,12,5/17/2011 9:24,2.95,14320.0,United Kingdom,20,5,35.400000000000006,20.0,14.0,2.95
134525,553412,85123A,WHITE HANGING HEART T-LIGHT HOLDER,6,5/17/2011 9:40,2.95,14344.0,United Kingdom,20,5,17.700000000000003,20.0,12.0,2.95
291982,553419,85123A,WHITE HANGING HEART T-LIGHT HOLDER,12,5/17/2011 10:10,2.95,16639.0,United Kingdom,20,5,35.400000000000006,20.0,6.0,2.95
78118,553463,85123A,WHITE HANGING HEART T-LIGHT HOLDER,32,5/17/2011 11:02,2.55,13488.0,United Kingdom,20,5,81.6,20.0,12.0,2.95
126778,553476,85123A,WHITE HANGING HEART T-LIGHT HOLDER,6,5/17/2011 11:41,2.95,14221.0,United Kingdom,20,5,17.700000000000003,20.0,32.0,2.55
127999,553477,85123A,WHITE HANGING HEART T-LIGHT HOLDER,6,5/17/2011 11:46,2.95,14239.0,United Kingdom,20,5,17.700000000000003,20.0,6.0,2.95
147222,553484,85123A,WHITE HANGING HEART T-LIGHT HOLDER,32,5/17/2011 12:21,2.55,14513.0,United Kingdom,20,5,81.6,20.0,6.0,2.95
64386,553487,85123A,WHITE HANGING HEART T-LIGHT HOLDER,4,5/17/2011 12:38,2.95,13246.0,United Kingdom,20,5,11.8,20.0,32.0,2.55
233569,553491,85123A,WHITE HANGING HEART T-LIGHT HOLDER,6,5/17/2011 12:44,2.95,15624.0,United Kingdom,20,5,17.700000000000003,20.0,4.0,2.95
68864,553504,85123A,WHITE HANGING HEART T-LIGHT HOLDER,6,5/17/2011 13:26,2.95,13310.0,United Kingdom,20,5,17.700000000000003,20.0,6.0,2.95
463663,553535,85123A,WHITE HANGING HEART T-LIGHT HOLDER,32,5/17/2011 15:17,2.55,,EIRE,20,5,81.6,20.0,6.0,2.95
463884,553543,85123a,WHITE HANGING HEART T-LIGHT HOLDER,5,5/17/2011 15:35,6.63,,United Kingdom,20,5,33.15,20.0,32.0,2.55
463940,553544,85123a,WHITE HANGING HEART T-LIGHT HOLDER,3,5/17/2011 15:36,6.63,,United Kingdom,20,5,19.89,20.0,5.0,6.63
463980,553545,85123a,WHITE HANGING HEART T-LIGHT HOLDER,2,5/17/2011 15:37,6.63,,United Kingdom,20,5,13.26,20.0,3.0,6.63
464117,553549,85123A,WHITE HANGING HEART T-LIGHT HOLDER,2,5/17/2011 16:09,5.79,,United Kingdom,20,5,11.58,20.0,2.0,6.63
54585,553654,85123A,WHITE HANGING HEART T-LIGHT HOLDER,18,5/18/2011 11:08,2.95,13094.0,United Kingdom,20,5,53.1,20.0,2.0,5.79
312487,553664,85123A,WHITE HANGING HEART T-LIGHT HOLDER,2,5/18/2011 12:15,2.95,16906.0,United Kingdom,20,5,5.9,20.0,18.0,2.95
152953,553679,85123A,WHITE HANGING HEART T-LIGHT HOLDER,12,5/18/2011 13:09,2.95,14565.0,United Kingdom,20,5,35.400000000000006,20.0,2.0,2.95
64590,553680,85123A,WHITE HANGING HEART T-LIGHT HOLDER,10,5/18/2011 13:11,2.95,13258.0,United Kingdom,20,5,29.5,20.0,12.0,2.95
65434,553702,85123A,WHITE HANGING HEART T-LIGHT HOLDER,2,5/18/2011 14:50,2.95,13263.0,United Kingdom,20,5,5.9,20.0,10.0,2.95
338870,553710,85123A,WHITE HANGING HEART T-LIGHT HOLDER,6,5/18/2011 15:35,2.95,17338.0,United Kingdom,20,5,17.700000000000003,20.0,2.0,2.95
464301,553718,85123A,WHITE HANGING HEART T-LIGHT HOLDER,11,5/18/2011 16:14,2.95,,United Kingdom,20,5,32.45,20.0,6.0,2.95
321431,553724,85123A,WHITE HANGING HEART T-LIGHT HOLDER,6,5/18/2011 16:50,2.95,17047.0,United Kingdom,20,5,17.700000000000003,20.0,11.0,2.95
321442,553725,85123A,WHITE HANGING HEART T-LIGHT HOLDER,6,5/18/2011 16:51,2.95,17047.0,United Kingdom,20,5,17.700000000000003,20.0,6.0,2.95
178987,553739,85123A,WHITE HANGING HEART T-LIGHT HOLDER,6,5/19/2011 9:23,2.95,14895.0,United Kingdom,20,5,17.700000000000003,20.0,6.0,2.95
76910,553749,85123A,WHITE HANGING HEART T-LIGHT HOLDER,18,5/19/2011 9:59,2.95,13468.0,United Kingdom,20,5,53.1,20.0,6.0,2.95
464433,553767,85123a,WHITE HANGING HEART T-LIGHT HOLDER,1,5/19/2011 10:46,6.63,,United Kingdom,20,5,6.63,20.0,18.0,2.95
256353,553781,85123A,WHITE HANGING HEART T-LIGHT HOLDER,10,5/19/2011 10:54,2.95,16008.0,United Kingdom,20,5,29.5,20.0,1.0,6.63
340153,553833,85123A,WHITE HANGING HEART T-LIGHT HOLDER,2,5/19/2011 11:41,2.95,17346.0,United Kingdom,20,5,5.9,20.0,10.0,2.95
362608,553845,85123A,WHITE HANGING HEART T-LIGHT HOLDER,32,5/19/2011 12:38,2.55,17675.0,United Kingdom,20,5,81.6,20.0,2.0,2.95
394597,553850,85123A,WHITE HANGING HEART T-LIGHT HOLDER,12,5/19/2011 12:59,2.95,18075.0,United Kingdom,20,5,35.400000000000006,20.0,32.0,2.55
304623,553853,85123A,WHITE HANGING HEART T-LIGHT HOLDER,6,5/19/2011 13:08,2.95,16782.0,United Kingdom,20,5,17.700000000000003,20.0,12.0,2.95
464688,553890,85123A,WHITE HANGING HEART T-LIGHT HOLDER,9,5/19/2011 16:32,2.95,,United Kingdom,20,5,26.55,20.0,6.0,2.95
176030,553892,85123A,WHITE HANGING HEART T-LIGHT HOLDER,6,5/19/2011 16:56,2.95,14825.0,United Kingdom,20,5,17.700000000000003,20.0,9.0,2.95
396549,553913,85123A,WHITE HANGING HEART T-LIGHT HOLDER,7,5/19/2011 19:47,2.95,18109.0,United Kingdom,20,5,20.650000000000002,20.0,6.0,2.95
247239,553935,85123A,WHITE HANGING HEART T-LIGHT HOLDER,32,5/20/2011 10:32,2.55,15856.0,United Kingdom,20,5,81.6,20.0,7.0,2.95
393371,553942,85123A,WHITE HANGING HEART T-LIGHT HOLDER,24,5/20/2011 10:37,2.95,18055.0,United Kingdom,20,5,70.80000000000001,20.0,32.0,2.55
232188,553946,85123A,WHITE HANGING HEART T-LIGHT HOLDER,12,5/20/2011 10:48,2.95,15601.0,United Kingdom,20,5,35.400000000000006,20.0,24.0,2.95
64257,554016,85123A,WHITE HANGING HEART T-LIGHT HOLDER,3,5/20/2011 13:14,2.95,13243.0,United Kingdom,20,5,8.850000000000001,20.0,12.0,2.95
464835,554054,85123A,WHITE HANGING HEART T-LIGHT HOLDER,21,5/20/2011 15:29,2.95,,United Kingdom,20,5,61.95,20.0,3.0,2.95
81996,554070,85123A,WHITE HANGING HEART T-LIGHT HOLDER,32,5/22/2011 11:06,2.55,13555.0,United Kingdom,20,5,81.6,20.0,21.0,2.95
259860,554075,85123A,WHITE HANGING HEART T-LIGHT HOLDER,12,5/22/2011 11:29,2.95,16038.0,United Kingdom,20,5,35.400000000000006,20.0,32.0,2.55
151071,554079,85123A,WHITE HANGING HEART T-LIGHT HOLDER,12,5/22/2011 11:41,2.95,14546.0,United Kingdom,20,5,35.400000000000006,20.0,12.0,2.95
399286,554083,85123A,WHITE HANGING HEART T-LIGHT HOLDER,9,5/22/2011 11:51,2.95,18125.0,United Kingdom,20,5,26.55,20.0,12.0,2.95
337164,554090,85123A,WHITE HANGING HEART T-LIGHT HOLDER,3,5/22/2011 12:22,2.95,17315.0,United Kingdom,20,5,8.850000000000001,20.0,9.0,2.95
329160,554092,85123A,WHITE HANGING HEART T-LIGHT HOLDER,32,5/22/2011 12:41,2.55,17176.0,United Kingdom,20,5,81.6,20.0,3.0,2.95
238369,554094,85123A,WHITE HANGING HEART T-LIGHT HOLDER,10,5/22/2011 12:49,2.95,15716.0,United Kingdom,20,5,29.5,20.0,32.0,2.55
229243,554103,85123A,WHITE HANGING HEART T-LIGHT HOLDER,2,5/22/2011 13:51,2.95,15555.0,United Kingdom,20,5,5.9,20.0,10.0,2.95
358176,554112,85123A,WHITE HANGING HEART T-LIGHT HOLDER,3,5/22/2011 14:44,2.95,17611.0,United Kingdom,20,5,8.850000000000001,20.0,2.0,2.95
252080,554115,85123A,WHITE HANGING HEART T-LIGHT HOLDER,6,5/22/2011 15:03,2.95,15938.0,United Kingdom,20,5,17.700000000000003,20.0,3.0,2.95
92975,554117,85123A,WHITE HANGING HEART T-LIGHT HOLDER,32,5/22/2011 15:12,2.55,13758.0,United Kingdom,20,5,81.6,20.0,6.0,2.95
124753,554129,85123A,WHITE HANGING HEART T-LIGHT HOLDER,6,5/23/2011 9:39,2.95,14189.0,United Kingdom,21,5,17.700000000000003,20.0,32.0,2.55
104042,554131,85123A,WHITE HANGING HEART T-LIGHT HOLDER,6,5/23/2011 9:43,2.95,13988.0,United Kingdom,21,5,17.700000000000003,21.0,6.0,2.95
95062,554156,85123A,WHITE HANGING HEART T-LIGHT HOLDER,64,5/23/2011 11:28,2.55,13798.0,United Kingdom,21,5,163.2,21.0,6.0,2.95
96579,554278,85123A,WHITE HANGING HEART T-LIGHT HOLDER,6,5/23/2011 13:25,2.95,13831.0,United Kingdom,21,5,17.700000000000003,21.0,64.0,2.55
175751,554280,85123A,WHITE HANGING HEART T-LIGHT HOLDER,12,5/23/2011 13:35,2.95,14817.0,United Kingdom,21,5,35.400000000000006,21.0,6.0,2.95
465132,554310,85123A,WHITE HANGING HEART T-LIGHT HOLDER,19,5/23/2011 15:25,2.95,,United Kingdom,21,5,56.050000000000004,21.0,12.0,2.95
80321,554348,85123A,WHITE HANGING HEART T-LIGHT HOLDER,18,5/24/2011 8:49,2.95,13523.0,United Kingdom,21,5,53.1,21.0,19.0,2.95
128906,554353,85123A,WHITE HANGING HEART T-LIGHT HOLDER,32,5/24/2011 9:10,2.55,14258.0,United Kingdom,21,5,81.6,21.0,18.0,2.95
361453,554371,85123A,WHITE HANGING HEART T-LIGHT HOLDER,6,5/24/2011 10:42,2.95,17659.0,United Kingdom,21,5,17.700000000000003,21.0,32.0,2.55
238820,554376,85123A,WHITE HANGING HEART T-LIGHT HOLDER,4,5/24/2011 11:31,2.95,15719.0,United Kingdom,21,5,11.8,21.0,6.0,2.95
107343,554379,85123A,WHITE HANGING HEART T-LIGHT HOLDER,32,5/24/2011 11:35,2.55,14047.0,United Kingdom,21,5,81.6,21.0,4.0,2.95
93981,554483,85123A,WHITE HANGING HEART T-LIGHT HOLDER,18,5/24/2011 12:57,2.95,13771.0,United Kingdom,21,5,53.1,21.0,32.0,2.55
60103,554492,85123A,WHITE HANGING HEART T-LIGHT HOLDER,20,5/24/2011 13:56,2.95,13168.0,United Kingdom,21,5,59.0,21.0,18.0,2.95
465290,554511,85123A,WHITE HANGING HEART T-LIGHT HOLDER,9,5/24/2011 15:52,2.95,,United Kingdom,21,5,26.55,21.0,20.0,2.95
465473,554512,85123A,WHITE HANGING HEART T-LIGHT HOLDER,1,5/24/2011 15:54,5.79,,United Kingdom,21,5,5.79,21.0,9.0,2.95
465667,554514,85123A,WHITE HANGING HEART T-LIGHT HOLDER,4,5/24/2011 15:58,2.95,,United Kingdom,21,5,11.8,21.0,1.0,5.79
65453,554598,85123A,WHITE HANGING HEART T-LIGHT HOLDER,4,5/25/2011 11:12,2.95,13263.0,United Kingdom,21,5,11.8,21.0,4.0,2.95
371408,554646,85123A,WHITE HANGING HEART T-LIGHT HOLDER,10,5/25/2011 12:39,2.95,17790.0,United Kingdom,21,5,29.5,21.0,4.0,2.95
361650,554656,85123A,WHITE HANGING HEART T-LIGHT HOLDER,6,5/25/2011 13:36,2.95,17663.0,United Kingdom,21,5,17.700000000000003,21.0,10.0,2.95
239870,554667,85123A,WHITE HANGING HEART T-LIGHT HOLDER,24,5/25/2011 15:18,2.95,15727.0,United Kingdom,21,5,70.80000000000001,21.0,6.0,2.95
138585,554672,85123A,WHITE HANGING HEART T-LIGHT HOLDER,12,5/25/2011 15:54,2.95,14415.0,United Kingdom,21,5,35.400000000000006,21.0,24.0,2.95
282376,554684,85123A,WHITE HANGING HEART T-LIGHT HOLDER,12,5/25/2011 16:28,2.95,16448.0,United Kingdom,21,5,35.400000000000006,21.0,12.0,2.95
181961,554770,85123A,WHITE HANGING HEART T-LIGHT HOLDER,6,5/26/2011 11:40,2.95,14911.0,EIRE,21,5,17.700000000000003,21.0,12.0,2.95
126214,554795,85123A,WHITE HANGING HEART T-LIGHT HOLDER,6,5/26/2011 12:46,2.95,14210.0,United Kingdom,21,5,17.700000000000003,21.0,6.0,2.95
190535,554812,85123A,WHITE HANGING HEART T-LIGHT HOLDER,2,5/26/2011 13:21,2.95,15005.0,United Kingdom,21,5,5.9,21.0,6.0,2.95
290636,554814,85123A,WHITE HANGING HEART T-LIGHT HOLDER,12,5/26/2011 13:34,2.95,16609.0,United Kingdom,21,5,35.400000000000006,21.0,2.0,2.95
291188,554823,85123A,WHITE HANGING HEART T-LIGHT HOLDER,10,5/26/2011 14:20,2.95,16624.0,United Kingdom,21,5,29.5,21.0,12.0,2.95
154151,554837,85123A,WHITE HANGING HEART T-LIGHT HOLDER,3,5/26/2011 16:30,2.95,14584.0,United Kingdom,21,5,8.850000000000001,21.0,10.0,2.95
170638,554842,85123A,WHITE HANGING HEART T-LIGHT HOLDER,6,5/26/2011 18:17,2.95,14740.0,United Kingdom,21,5,17.700000000000003,21.0,3.0,2.95
347489,554845,85123A,WHITE HANGING HEART T-LIGHT HOLDER,608,5/26/2011 19:49,3.24,17450.0,United Kingdom,21,5,1969.92,21.0,6.0,2.95
217698,554937,85123A,WHITE HANGING HEART T-LIGHT HOLDER,10,5/27/2011 13:32,2.95,15402.0,United Kingdom,21,5,29.5,21.0,608.0,3.24
112349,554949,85123A,WHITE HANGING HEART T-LIGHT HOLDER,12,5/27/2011 14:44,2.95,14092.0,United Kingdom,21,5,35.400000000000006,21.0,10.0,2.95
315689,554979,85123A,WHITE HANGING HEART T-LIGHT HOLDER,6,5/29/2011 11:34,2.95,16931.0,United Kingdom,21,5,17.700000000000003,21.0,12.0,2.95
358730,554981,85123A,WHITE HANGING HEART T-LIGHT HOLDER,2,5/29/2011 12:06,2.95,17613.0,United Kingdom,21,5,5.9,21.0,6.0,2.95
141460,554986,85123A,WHITE HANGING HEART T-LIGHT HOLDER,3,5/29/2011 12:35,2.95,14451.0,United Kingdom,21,5,8.850000000000001,21.0,2.0,2.95
175888,554991,85123A,WHITE HANGING HEART T-LIGHT HOLDER,1,5/29/2011 14:03,2.95,14823.0,United Kingdom,21,5,2.95,21.0,3.0,2.95
322162,554993,85123A,WHITE HANGING HEART T-LIGHT HOLDER,3,5/29/2011 14:13,2.95,17051.0,United Kingdom,21,5,8.850000000000001,21.0,1.0,2.95
396581,554995,85123A,WHITE HANGING HEART T-LIGHT HOLDER,3,5/29/2011 14:23,2.95,18109.0,United Kingdom,21,5,8.850000000000001,21.0,3.0,2.95
279765,554996,85123A,WHITE HANGING HEART T-LIGHT HOLDER,2,5/29/2011 14:28,2.95,16407.0,United Kingdom,21,5,5.9,21.0,3.0,2.95
228219,554999,85123A,WHITE HANGING HEART T-LIGHT HOLDER,6,5/29/2011 15:44,2.95,15547.0,United Kingdom,21,5,17.700000000000003,21.0,2.0,2.95
363634,555002,85123A,WHITE HANGING HEART T-LIGHT HOLDER,6,5/31/2011 8:50,2.95,17682.0,United Kingdom,22,5,17.700000000000003,21.0,6.0,2.95
256902,555075,85123A,WHITE HANGING HEART T-LIGHT HOLDER,150,5/31/2011 12:05,2.55,16013.0,United Kingdom,22,5,382.5,22.0,6.0,2.95
404318,555108,85123A,WHITE HANGING HEART T-LIGHT HOLDER,6,5/31/2011 14:18,2.95,18231.0,United Kingdom,22,5,17.700000000000003,22.0,150.0,2.55
377109,555110,85123A,WHITE HANGING HEART T-LIGHT HOLDER,2,5/31/2011 14:34,2.95,17841.0,United Kingdom,22,5,5.9,22.0,6.0,2.95
82995,555114,85123A,WHITE HANGING HEART T-LIGHT HOLDER,4,5/31/2011 14:55,2.95,13571.0,United Kingdom,22,5,11.8,22.0,2.0,2.95
207669,555195,85123A,WHITE HANGING HEART T-LIGHT HOLDER,6,6/1/2011 11:27,2.95,15240.0,United Kingdom,22,6,17.700000000000003,22.0,4.0,2.95
156897,555199,85123A,WHITE HANGING HEART T-LIGHT HOLDER,1,6/1/2011 12:05,2.95,14606.0,United Kingdom,22,6,2.95,22.0,6.0,2.95
329770,555203,85123A,WHITE HANGING HEART T-LIGHT HOLDER,6,6/1/2011 12:13,2.95,17191.0,United Kingdom,22,6,17.700000000000003,22.0,1.0,2.95
77474,555243,85123A,WHITE HANGING HEART T-LIGHT HOLDER,6,6/1/2011 13:52,2.95,13475.0,United Kingdom,22,6,17.700000000000003,22.0,6.0,2.95
348887,555249,85123A,WHITE HANGING HEART T-LIGHT HOLDER,3,6/1/2011 14:57,2.95,17472.0,United Kingdom,22,6,8.850000000000001,22.0,6.0,2.95
65519,555260,85123A,WHITE HANGING HEART T-LIGHT HOLDER,2,6/1/2011 15:34,2.95,13263.0,United Kingdom,22,6,5.9,22.0,3.0,2.95
466977,555275,85123A,WHITE HANGING HEART T-LIGHT HOLDER,2,6/1/2011 17:18,5.79,,United Kingdom,22,6,11.58,22.0,2.0,2.95
467196,555276,85123A,WHITE HANGING HEART T-LIGHT HOLDER,1,6/1/2011 17:28,5.79,,United Kingdom,22,6,5.79,22.0,2.0,5.79
467358,555277,85123A,WHITE HANGING HEART T-LIGHT HOLDER,2,6/1/2011 17:30,5.79,,United Kingdom,22,6,11.58,22.0,1.0,5.79
467722,555326,85123a,WHITE HANGING HEART T-LIGHT HOLDER,1,6/2/2011 11:03,6.63,,United Kingdom,22,6,6.63,22.0,2.0,5.79
70521,555340,85123A,WHITE HANGING HEART T-LIGHT HOLDER,1,6/2/2011 11:33,2.95,13334.0,United Kingdom,22,6,2.95,22.0,1.0,6.63
299557,555349,85123A,WHITE HANGING HEART T-LIGHT HOLDER,2,6/2/2011 12:08,2.95,16729.0,United Kingdom,22,6,5.9,22.0,1.0,2.95
360922,555350,85123A,WHITE HANGING HEART T-LIGHT HOLDER,6,6/2/2011 12:08,2.95,17652.0,United Kingdom,22,6,17.700000000000003,22.0,2.0,2.95
327322,555382,85123A,WHITE HANGING HEART T-LIGHT HOLDER,320,6/2/2011 14:46,2.55,17133.0,United Kingdom,22,6,816.0,22.0,6.0,2.95
286531,555396,85123A,WHITE HANGING HEART T-LIGHT HOLDER,10,6/2/2011 17:23,2.95,16529.0,United Kingdom,22,6,29.5,22.0,320.0,2.55
468030,555397,85123A,WHITE HANGING HEART T-LIGHT HOLDER,2,6/2/2011 17:26,5.79,,United Kingdom,22,6,11.58,22.0,10.0,2.95
352689,555405,85123A,WHITE HANGING HEART T-LIGHT HOLDER,12,6/2/2011 19:17,2.95,17531.0,United Kingdom,22,6,35.400000000000006,22.0,2.0,5.79
269427,555414,85123A,WHITE HANGING HEART T-LIGHT HOLDER,12,6/3/2011 10:06,2.95,16230.0,United Kingdom,22,6,35.400000000000006,22.0,12.0,2.95
223395,555418,85123A,WHITE HANGING HEART T-LIGHT HOLDER,12,6/3/2011 10:19,2.95,15498.0,United Kingdom,22,6,35.400000000000006,22.0,12.0,2.95
263392,555471,85123A,WHITE HANGING HEART T-LIGHT HOLDER,5,6/3/2011 11:42,2.95,16117.0,United Kingdom,22,6,14.75,22.0,12.0,2.95
323869,555514,85123A,WHITE HANGING HEART T-LIGHT HOLDER,6,6/5/2011 10:41,2.95,17071.0,United Kingdom,22,6,17.700000000000003,22.0,5.0,2.95
365182,555516,85123A,WHITE HANGING HEART T-LIGHT HOLDER,4,6/5/2011 10:50,2.95,17706.0,United Kingdom,22,6,11.8,22.0,6.0,2.95
243379,555522,85123A,WHITE HANGING HEART T-LIGHT HOLDER,6,6/5/2011 11:29,2.95,15796.0,United Kingdom,22,6,17.700000000000003,22.0,4.0,2.95
314487,555524,85123A,WHITE HANGING HEART T-LIGHT HOLDER,2,6/5/2011 11:37,2.95,16923.0,United Kingdom,22,6,5.9,22.0,6.0,2.95
220717,555537,85123A,WHITE HANGING HEART T-LIGHT HOLDER,2,6/5/2011 12:37,2.95,15453.0,United Kingdom,22,6,5.9,22.0,2.0,2.95
86515,555549,85123A,WHITE HANGING HEART T-LIGHT HOLDER,8,6/5/2011 13:24,2.95,13637.0,United Kingdom,22,6,23.6,22.0,2.0,2.95
237526,555556,85123A,WHITE HANGING HEART T-LIGHT HOLDER,18,6/5/2011 14:04,2.95,15704.0,United Kingdom,22,6,53.1,22.0,8.0,2.95
122220,555558,85123A,WHITE HANGING HEART T-LIGHT HOLDER,2,6/5/2011 14:06,2.95,14159.0,United Kingdom,22,6,5.9,22.0,18.0,2.95
214536,555573,85123A,WHITE HANGING HEART T-LIGHT HOLDER,1,6/5/2011 15:46,2.95,15349.0,United Kingdom,22,6,2.95,22.0,2.0,2.95
308987,555588,85123A,WHITE HANGING HEART T-LIGHT HOLDER,6,6/6/2011 9:16,2.95,16849.0,United Kingdom,23,6,17.700000000000003,22.0,1.0,2.95
290881,555604,85123A,WHITE HANGING HEART T-LIGHT HOLDER,6,6/6/2011 11:37,2.95,16612.0,United Kingdom,23,6,17.700000000000003,23.0,6.0,2.95
262490,555626,85123A,WHITE HANGING HEART T-LIGHT HOLDER,12,6/6/2011 11:55,2.95,16103.0,United Kingdom,23,6,35.400000000000006,23.0,6.0,2.95
208746,555628,85123A,WHITE HANGING HEART T-LIGHT HOLDER,12,6/6/2011 11:59,2.95,15260.0,United Kingdom,23,6,35.400000000000006,23.0,12.0,2.95
95075,555632,85123A,WHITE HANGING HEART T-LIGHT HOLDER,32,6/6/2011 12:16,2.55,13798.0,United Kingdom,23,6,81.6,23.0,12.0,2.95
143771,555640,85123A,WHITE HANGING HEART T-LIGHT HOLDER,6,6/6/2011 13:06,2.95,14475.0,United Kingdom,23,6,17.700000000000003,23.0,32.0,2.55
405084,555642,85123A,WHITE HANGING HEART T-LIGHT HOLDER,6,6/6/2011 13:18,2.95,18248.0,United Kingdom,23,6,17.700000000000003,23.0,6.0,2.95
187437,555704,85123A,WHITE HANGING HEART T-LIGHT HOLDER,24,6/6/2011 15:06,2.95,14944.0,United Kingdom,23,6,70.80000000000001,23.0,6.0,2.95
168291,555705,85123A,WHITE HANGING HEART T-LIGHT HOLDER,4,6/6/2011 15:24,2.95,14713.0,United Kingdom,23,6,11.8,23.0,24.0,2.95
142996,555745,85123A,WHITE HANGING HEART T-LIGHT HOLDER,6,6/7/2011 10:46,2.95,14462.0,United Kingdom,23,6,17.700000000000003,23.0,4.0,2.95
261605,555848,85123A,WHITE HANGING HEART T-LIGHT HOLDER,12,6/7/2011 13:31,2.95,16081.0,United Kingdom,23,6,35.400000000000006,23.0,6.0,2.95
149303,555865,85123A,WHITE HANGING HEART T-LIGHT HOLDER,5,6/7/2011 14:30,2.95,14530.0,United Kingdom,23,6,14.75,23.0,12.0,2.95
234380,555896,85123A,WHITE HANGING HEART T-LIGHT HOLDER,32,6/7/2011 16:04,2.55,15640.0,United Kingdom,23,6,81.6,23.0,5.0,2.95
468594,555924,85123A,WHITE HANGING HEART T-LIGHT HOLDER,1,6/7/2011 17:12,5.79,,United Kingdom,23,6,5.79,23.0,32.0,2.55
286396,555929,85123A,WHITE HANGING HEART T-LIGHT HOLDER,32,6/8/2011 8:12,2.55,16525.0,United Kingdom,23,6,81.6,23.0,1.0,5.79
374350,555931,85123A,WHITE HANGING HEART T-LIGHT HOLDER,6,6/8/2011 8:31,2.95,17828.0,Malta,23,6,17.700000000000003,23.0,32.0,2.55
182017,555947,85123A,WHITE HANGING HEART T-LIGHT HOLDER,32,6/8/2011 10:45,2.55,14911.0,EIRE,23,6,81.6,23.0,6.0,2.95
135339,556042,85123A,WHITE HANGING HEART T-LIGHT HOLDER,32,6/8/2011 12:44,2.55,14367.0,United Kingdom,23,6,81.6,23.0,32.0,2.55
469073,556085,85123a,WHITE HANGING HEART T-LIGHT HOLDER,1,6/8/2011 15:23,6.63,,United Kingdom,23,6,6.63,23.0,32.0,2.55
341043,556107,85123A,WHITE HANGING HEART T-LIGHT HOLDER,4,6/8/2011 17:09,2.95,17360.0,United Kingdom,23,6,11.8,23.0,1.0,6.63
341017,556107,85123A,WHITE HANGING HEART T-LIGHT HOLDER,2,6/8/2011 17:09,2.95,17360.0,United Kingdom,23,6,5.9,23.0,4.0,2.95
469656,556108,85123A,WHITE HANGING HEART T-LIGHT HOLDER,1,6/8/2011 17:59,2.95,,United Kingdom,23,6,2.95,23.0,2.0,2.95
328903,556204,85123A,WHITE HANGING HEART T-LIGHT HOLDER,6,6/9/2011 13:16,2.95,17169.0,United Kingdom,23,6,17.700000000000003,23.0,1.0,2.95
470074,556243,85123A,WHITE HANGING HEART T-LIGHT HOLDER,1,6/9/2011 16:07,5.79,,United Kingdom,23,6,5.79,23.0,6.0,2.95
349045,556271,85123A,WHITE HANGING HEART T-LIGHT HOLDER,6,6/9/2011 19:40,2.95,17483.0,United Kingdom,23,6,17.700000000000003,23.0,1.0,5.79
154167,556280,85123A,WHITE HANGING HEART T-LIGHT HOLDER,2,6/9/2011 20:03,2.95,14584.0,United Kingdom,23,6,5.9,23.0,6.0,2.95
233755,556283,85123A,WHITE HANGING HEART T-LIGHT HOLDER,12,6/10/2011 8:50,2.95,15628.0,United Kingdom,23,6,35.400000000000006,23.0,2.0,2.95
326721,556284,85123A,WHITE HANGING HEART T-LIGHT HOLDER,12,6/10/2011 8:54,2.95,17115.0,United Kingdom,23,6,35.400000000000006,23.0,12.0,2.95
371770,556330,85123A,WHITE HANGING HEART T-LIGHT HOLDER,6,6/10/2011 11:29,2.95,17797.0,United Kingdom,23,6,17.700000000000003,23.0,12.0,2.95
277483,556365,85123A,WHITE HANGING HEART T-LIGHT HOLDER,2,6/10/2011 11:44,2.95,16370.0,United Kingdom,23,6,5.9,23.0,6.0,2.95
299572,556426,85123A,WHITE HANGING HEART T-LIGHT HOLDER,3,6/10/2011 13:18,2.95,16729.0,United Kingdom,23,6,8.850000000000001,23.0,2.0,2.95
247241,556455,85123A,WHITE HANGING HEART T-LIGHT HOLDER,32,6/10/2011 16:46,2.55,15856.0,United Kingdom,23,6,81.6,23.0,3.0,2.95
470433,556459,85123A,WHITE HANGING HEART T-LIGHT HOLDER,1,6/10/2011 17:25,5.79,,United Kingdom,23,6,5.79,23.0,32.0,2.55
283419,556471,85123A,WHITE HANGING HEART T-LIGHT HOLDER,6,6/12/2011 11:47,2.95,16466.0,United Kingdom,23,6,17.700000000000003,23.0,1.0,5.79
334765,556473,85123A,WHITE HANGING HEART T-LIGHT HOLDER,1,6/12/2011 12:00,2.95,17265.0,United Kingdom,23,6,2.95,23.0,6.0,2.95
334764,556473,85123A,WHITE HANGING HEART T-LIGHT HOLDER,2,6/12/2011 12:00,2.95,17265.0,United Kingdom,23,6,5.9,23.0,1.0,2.95
396587,556475,85123A,WHITE HANGING HEART T-LIGHT HOLDER,3,6/12/2011 12:03,2.95,18109.0,United Kingdom,23,6,8.850000000000001,23.0,2.0,2.95
316451,556484,85123A,WHITE HANGING HEART T-LIGHT HOLDER,10,6/12/2011 13:17,2.95,16938.0,United Kingdom,23,6,29.5,23.0,3.0,2.95
335904,556487,85123A,WHITE HANGING HEART T-LIGHT HOLDER,5,6/12/2011 13:51,2.95,17289.0,United Kingdom,23,6,14.75,23.0,10.0,2.95
394102,556495,85123A,WHITE HANGING HEART T-LIGHT HOLDER,6,6/12/2011 15:14,2.95,18069.0,United Kingdom,23,6,17.700000000000003,23.0,5.0,2.95
79599,556503,85123A,WHITE HANGING HEART T-LIGHT HOLDER,12,6/13/2011 8:44,2.95,13517.0,United Kingdom,24,6,35.400000000000006,23.0,6.0,2.95
123780,556520,85123A,WHITE HANGING HEART T-LIGHT HOLDER,2,6/13/2011 11:10,2.95,14177.0,United Kingdom,24,6,5.9,24.0,12.0,2.95
319166,556632,85123A,WHITE HANGING HEART T-LIGHT HOLDER,2,6/13/2011 15:09,2.95,16987.0,United Kingdom,24,6,5.9,24.0,2.0,2.95
470706,556636,85123A,WHITE HANGING HEART T-LIGHT HOLDER,1,6/13/2011 15:30,5.79,,United Kingdom,24,6,5.79,24.0,2.0,2.95
362659,556727,85123A,WHITE HANGING HEART T-LIGHT HOLDER,32,6/14/2011 11:33,2.55,17675.0,United Kingdom,24,6,81.6,24.0,1.0,5.79
406235,556731,85123A,WHITE HANGING HEART T-LIGHT HOLDER,6,6/14/2011 11:41,2.95,18283.0,United Kingdom,24,6,17.700000000000003,24.0,32.0,2.55
333709,556768,85123A,WHITE HANGING HEART T-LIGHT HOLDER,8,6/14/2011 12:21,2.95,17243.0,United Kingdom,24,6,23.6,24.0,6.0,2.95
147587,556780,85123A,WHITE HANGING HEART T-LIGHT HOLDER,3,6/14/2011 12:46,2.95,14524.0,United Kingdom,24,6,8.850000000000001,24.0,8.0,2.95
471181,556813,85123A,WHITE HANGING HEART T-LIGHT HOLDER,1,6/14/2011 17:28,5.79,,United Kingdom,24,6,5.79,24.0,3.0,2.95
177307,556815,85123A,WHITE HANGING HEART T-LIGHT HOLDER,12,6/15/2011 8:36,2.95,14852.0,United Kingdom,24,6,35.400000000000006,24.0,1.0,5.79
471295,556821,85123a,WHITE HANGING HEART T-LIGHT HOLDER,1,6/15/2011 10:22,6.63,,United Kingdom,24,6,6.63,24.0,12.0,2.95
471311,556823,85123a,WHITE HANGING HEART T-LIGHT HOLDER,1,6/15/2011 10:24,6.63,,United Kingdom,24,6,6.63,24.0,1.0,6.63
350684,556845,85123A,WHITE HANGING HEART T-LIGHT HOLDER,64,6/15/2011 11:30,2.55,17511.0,United Kingdom,24,6,163.2,24.0,1.0,6.63
269952,556876,85123A,WHITE HANGING HEART T-LIGHT HOLDER,2,6/15/2011 11:56,2.95,16241.0,United Kingdom,24,6,5.9,24.0,64.0,2.55
31316,556910,85123A,WHITE HANGING HEART T-LIGHT HOLDER,4,6/15/2011 13:25,2.95,12748.0,United Kingdom,24,6,11.8,24.0,2.0,2.95
311163,556916,85123A,WHITE HANGING HEART T-LIGHT HOLDER,2,6/15/2011 13:35,2.95,16898.0,United Kingdom,24,6,5.9,24.0,4.0,2.95
273913,556926,85123A,WHITE HANGING HEART T-LIGHT HOLDER,1,6/15/2011 14:26,2.95,16324.0,United Kingdom,24,6,2.95,24.0,2.0,2.95
471619,556932,85123A,WHITE HANGING HEART T-LIGHT HOLDER,1,6/15/2011 15:41,5.79,,United Kingdom,24,6,5.79,24.0,1.0,2.95
365731,556937,85123A,WHITE HANGING HEART T-LIGHT HOLDER,32,6/15/2011 16:05,2.55,17716.0,United Kingdom,24,6,81.6,24.0,1.0,5.79
264893,556964,85123A,WHITE HANGING HEART T-LIGHT HOLDER,6,6/16/2011 9:46,2.95,16145.0,United Kingdom,24,6,17.700000000000003,24.0,32.0,2.55
129871,557018,85123A,WHITE HANGING HEART T-LIGHT HOLDER,2,6/16/2011 12:36,2.95,14285.0,United Kingdom,24,6,5.9,24.0,6.0,2.95
65569,557064,85123A,WHITE HANGING HEART T-LIGHT HOLDER,2,6/16/2011 15:07,2.95,13263.0,United Kingdom,24,6,5.9,24.0,2.0,2.95
55256,557067,85123A,WHITE HANGING HEART T-LIGHT HOLDER,32,6/16/2011 15:12,2.55,13098.0,United Kingdom,24,6,81.6,24.0,2.0,2.95
398183,557210,85123A,WHITE HANGING HEART T-LIGHT HOLDER,8,6/17/2011 11:49,2.95,18118.0,United Kingdom,24,6,23.6,24.0,32.0,2.55
192107,557213,85123A,WHITE HANGING HEART T-LIGHT HOLDER,2,6/17/2011 12:16,2.95,15021.0,United Kingdom,24,6,5.9,24.0,8.0,2.95
309225,557221,85123A,WHITE HANGING HEART T-LIGHT HOLDER,5,6/17/2011 13:01,2.95,16869.0,United Kingdom,24,6,14.75,24.0,2.0,2.95
358978,557255,85123A,WHITE HANGING HEART T-LIGHT HOLDER,64,6/19/2011 10:11,2.55,17616.0,United Kingdom,24,6,163.2,24.0,5.0,2.95
370262,557271,85123A,WHITE HANGING HEART T-LIGHT HOLDER,6,6/19/2011 11:41,2.95,17769.0,United Kingdom,24,6,17.700000000000003,24.0,64.0,2.55
315704,557276,85123A,WHITE HANGING HEART T-LIGHT HOLDER,6,6/19/2011 12:05,2.95,16931.0,United Kingdom,24,6,17.700000000000003,24.0,6.0,2.95
53306,557278,85123A,WHITE HANGING HEART T-LIGHT HOLDER,12,6/19/2011 12:08,2.95,13089.0,United Kingdom,24,6,35.400000000000006,24.0,6.0,2.95
342920,557284,85123A,WHITE HANGING HEART T-LIGHT HOLDER,3,6/19/2011 12:29,2.95,17377.0,United Kingdom,24,6,8.850000000000001,24.0,12.0,2.95
196992,557285,85123A,WHITE HANGING HEART T-LIGHT HOLDER,32,6/19/2011 12:31,2.55,15046.0,United Kingdom,24,6,81.6,24.0,3.0,2.95
49183,557299,85123A,WHITE HANGING HEART T-LIGHT HOLDER,12,6/19/2011 13:56,2.95,13047.0,United Kingdom,24,6,35.400000000000006,24.0,32.0,2.55
80473,557313,85123A,WHITE HANGING HEART T-LIGHT HOLDER,12,6/19/2011 15:56,2.95,13524.0,United Kingdom,24,6,35.400000000000006,24.0,12.0,2.95
297867,557349,85123A,WHITE HANGING HEART T-LIGHT HOLDER,6,6/20/2011 10:34,2.95,16717.0,United Kingdom,25,6,17.700000000000003,24.0,12.0,2.95
472831,557502,85123A,WHITE HANGING HEART T-LIGHT HOLDER,23,6/20/2011 15:32,5.79,,United Kingdom,25,6,133.17,25.0,6.0,2.95
35603,557525,85123A,WHITE HANGING HEART T-LIGHT HOLDER,6,6/21/2011 9:26,2.95,12759.0,Netherlands,25,6,17.700000000000003,25.0,23.0,5.79
255426,557570,85123A,WHITE HANGING HEART T-LIGHT HOLDER,2,6/21/2011 10:48,2.95,15998.0,United Kingdom,25,6,5.9,25.0,6.0,2.95
218212,557634,85123A,WHITE HANGING HEART T-LIGHT HOLDER,2,6/21/2011 15:24,2.95,15412.0,United Kingdom,25,6,5.9,25.0,2.0,2.95
473083,557644,85123A,WHITE HANGING HEART T-LIGHT HOLDER,3,6/21/2011 17:06,5.79,,United Kingdom,25,6,17.37,25.0,2.0,2.95
361930,557763,85123A,WHITE HANGING HEART T-LIGHT HOLDER,6,6/22/2011 14:10,2.95,17669.0,United Kingdom,25,6,17.700000000000003,25.0,3.0,5.79
232212,557771,85123A,WHITE HANGING HEART T-LIGHT HOLDER,6,6/22/2011 14:43,2.95,15601.0,United Kingdom,25,6,17.700000000000003,25.0,6.0,2.95
139388,557776,85123A,WHITE HANGING HEART T-LIGHT HOLDER,6,6/22/2011 15:07,2.95,14422.0,United Kingdom,25,6,17.700000000000003,25.0,6.0,2.95
358773,557849,85123A,WHITE HANGING HEART T-LIGHT HOLDER,12,6/23/2011 10:52,2.95,17613.0,United Kingdom,25,6,35.400000000000006,25.0,6.0,2.95
122302,557858,85123A,WHITE HANGING HEART T-LIGHT HOLDER,4,6/23/2011 11:51,2.95,14159.0,United Kingdom,25,6,11.8,25.0,12.0,2.95
316792,557878,85123A,WHITE HANGING HEART T-LIGHT HOLDER,4,6/23/2011 13:13,2.95,16940.0,United Kingdom,25,6,11.8,25.0,4.0,2.95
372064,557886,85123A,WHITE HANGING HEART T-LIGHT HOLDER,6,6/23/2011 13:39,2.95,17799.0,United Kingdom,25,6,17.700000000000003,25.0,4.0,2.95
360982,557891,85123A,WHITE HANGING HEART T-LIGHT HOLDER,12,6/23/2011 14:05,2.95,17652.0,United Kingdom,25,6,35.400000000000006,25.0,6.0,2.95
100963,557935,85123A,WHITE HANGING HEART T-LIGHT HOLDER,6,6/23/2011 15:26,2.95,13929.0,United Kingdom,25,6,17.700000000000003,25.0,12.0,2.95
473698,557938,85123A,WHITE HANGING HEART T-LIGHT HOLDER,5,6/23/2011 15:35,2.95,,United Kingdom,25,6,14.75,25.0,6.0,2.95
226818,557949,85123A,WHITE HANGING HEART T-LIGHT HOLDER,12,6/23/2011 17:20,2.95,15530.0,United Kingdom,25,6,35.400000000000006,25.0,5.0,2.95
192814,557954,85123A,WHITE HANGING HEART T-LIGHT HOLDER,32,6/23/2011 18:44,2.55,15023.0,United Kingdom,25,6,81.6,25.0,12.0,2.95
266624,557955,85123A,WHITE HANGING HEART T-LIGHT HOLDER,12,6/23/2011 18:59,2.95,16175.0,United Kingdom,25,6,35.400000000000006,25.0,32.0,2.55
406273,557956,85123A,WHITE HANGING HEART T-LIGHT HOLDER,1,6/23/2011 19:20,2.95,18283.0,United Kingdom,25,6,2.95,25.0,12.0,2.95
74378,558043,85123A,WHITE HANGING HEART T-LIGHT HOLDER,12,6/24/2011 13:28,2.95,13425.0,United Kingdom,25,6,35.400000000000006,25.0,1.0,2.95
473776,558046,85123A,WHITE HANGING HEART T-LIGHT HOLDER,6,6/24/2011 13:47,2.95,,EIRE,25,6,17.700000000000003,25.0,12.0,2.95
205243,558056,85123A,WHITE HANGING HEART T-LIGHT HOLDER,12,6/24/2011 14:54,2.95,15186.0,United Kingdom,25,6,35.400000000000006,25.0,6.0,2.95
235637,558057,85123A,WHITE HANGING HEART T-LIGHT HOLDER,8,6/24/2011 14:57,2.95,15665.0,United Kingdom,25,6,23.6,25.0,12.0,2.95
73364,558077,85123A,WHITE HANGING HEART T-LIGHT HOLDER,32,6/26/2011 10:59,2.55,13408.0,United Kingdom,25,6,81.6,25.0,8.0,2.95
221958,558126,85123A,WHITE HANGING HEART T-LIGHT HOLDER,64,6/27/2011 10:29,2.55,15482.0,United Kingdom,26,6,163.2,25.0,32.0,2.55
153904,558194,85123A,WHITE HANGING HEART T-LIGHT HOLDER,1,6/27/2011 12:28,2.95,14583.0,United Kingdom,26,6,2.95,26.0,64.0,2.55
123433,558247,85123A,WHITE HANGING HEART T-LIGHT HOLDER,1,6/27/2011 16:46,2.95,14167.0,United Kingdom,26,6,2.95,26.0,1.0,2.95
99917,558271,85123A,WHITE HANGING HEART T-LIGHT HOLDER,12,6/28/2011 10:17,2.95,13895.0,United Kingdom,26,6,35.400000000000006,26.0,1.0,2.95
474528,558340,85123A,WHITE HANGING HEART T-LIGHT HOLDER,1,6/28/2011 14:01,0.0,,United Kingdom,26,6,0.0,26.0,12.0,2.95
474679,558388,85123A,WHITE HANGING HEART T-LIGHT HOLDER,6,6/29/2011 10:00,2.95,,EIRE,26,6,17.700000000000003,26.0,1.0,0.0
260990,558416,85123A,WHITE HANGING HEART T-LIGHT HOLDER,4,6/29/2011 10:50,2.95,16059.0,United Kingdom,26,6,11.8,26.0,6.0,2.95
133610,558455,85123A,WHITE HANGING HEART T-LIGHT HOLDER,24,6/29/2011 13:58,2.95,14327.0,United Kingdom,26,6,70.80000000000001,26.0,4.0,2.95
148459,558458,85123A,WHITE HANGING HEART T-LIGHT HOLDER,1,6/29/2011 14:17,2.95,14527.0,United Kingdom,26,6,2.95,26.0,24.0,2.95
65626,558461,85123A,WHITE HANGING HEART T-LIGHT HOLDER,3,6/29/2011 15:03,2.95,13263.0,United Kingdom,26,6,8.850000000000001,26.0,1.0,2.95
103431,558462,85123A,WHITE HANGING HEART T-LIGHT HOLDER,32,6/29/2011 15:11,2.55,13982.0,United Kingdom,26,6,81.6,26.0,3.0,2.95
303812,558478,85123A,WHITE HANGING HEART T-LIGHT HOLDER,3,6/29/2011 16:07,2.95,16775.0,United Kingdom,26,6,8.850000000000001,26.0,32.0,2.55
374642,558479,85123A,WHITE HANGING HEART T-LIGHT HOLDER,4,6/29/2011 16:44,2.95,17837.0,United Kingdom,26,6,11.8,26.0,3.0,2.95
209076,558480,85123A,WHITE HANGING HEART T-LIGHT HOLDER,6,6/30/2011 8:17,2.95,15271.0,United Kingdom,26,6,17.700000000000003,26.0,4.0,2.95
129240,558484,85123A,WHITE HANGING HEART T-LIGHT HOLDER,6,6/30/2011 10:09,2.95,14267.0,United Kingdom,26,6,17.700000000000003,26.0,6.0,2.95
297910,558533,85123A,WHITE HANGING HEART T-LIGHT HOLDER,6,6/30/2011 11:49,2.95,16717.0,United Kingdom,26,6,17.700000000000003,26.0,6.0,2.95
104060,558534,85123A,WHITE HANGING HEART T-LIGHT HOLDER,6,6/30/2011 11:54,2.95,13988.0,United Kingdom,26,6,17.700000000000003,26.0,6.0,2.95
288578,558539,85123A,WHITE HANGING HEART T-LIGHT HOLDER,6,6/30/2011 12:14,2.95,16556.0,United Kingdom,26,6,17.700000000000003,26.0,6.0,2.95
84168,558542,85123A,WHITE HANGING HEART T-LIGHT HOLDER,4,6/30/2011 12:23,2.95,13593.0,United Kingdom,26,6,11.8,26.0,6.0,2.95
152395,558563,85123A,WHITE HANGING HEART T-LIGHT HOLDER,6,6/30/2011 13:43,2.95,14561.0,United Kingdom,26,6,17.700000000000003,26.0,4.0,2.95
284298,558611,85123A,WHITE HANGING HEART T-LIGHT HOLDER,6,6/30/2011 15:35,2.95,16475.0,United Kingdom,26,6,17.700000000000003,26.0,6.0,2.95
326825,558671,85123A,WHITE HANGING HEART T-LIGHT HOLDER,18,7/1/2011 10:47,2.95,17123.0,United Kingdom,26,7,53.1,26.0,6.0,2.95
31558,558707,85123A,WHITE HANGING HEART T-LIGHT HOLDER,1,7/1/2011 12:58,2.95,12748.0,United Kingdom,26,7,2.95,26.0,18.0,2.95
338895,558709,85123A,WHITE HANGING HEART T-LIGHT HOLDER,6,7/1/2011 13:02,2.95,17338.0,United Kingdom,26,7,17.700000000000003,26.0,1.0,2.95
289773,558718,85123A,WHITE HANGING HEART T-LIGHT HOLDER,6,7/1/2011 13:31,2.95,16589.0,United Kingdom,26,7,17.700000000000003,26.0,6.0,2.95
138646,558746,85123A,WHITE HANGING HEART T-LIGHT HOLDER,8,7/1/2011 17:23,2.95,14415.0,United Kingdom,26,7,23.6,26.0,6.0,2.95
315750,558752,85123A,WHITE HANGING HEART T-LIGHT HOLDER,9,7/3/2011 11:40,2.95,16931.0,United Kingdom,26,7,26.55,26.0,8.0,2.95
313661,558760,85123A,WHITE HANGING HEART T-LIGHT HOLDER,6,7/3/2011 12:38,2.95,16918.0,United Kingdom,26,7,17.700000000000003,26.0,9.0,2.95
252459,558768,85123A,WHITE HANGING HEART T-LIGHT HOLDER,3,7/3/2011 13:33,2.95,15952.0,United Kingdom,26,7,8.850000000000001,26.0,6.0,2.95
476578,558777,85123A,WHITE HANGING HEART T-LIGHT HOLDER,2,7/4/2011 10:23,5.79,,United Kingdom,27,7,11.58,26.0,3.0,2.95
476742,558810,85123a,WHITE HANGING HEART T-LIGHT HOLDER,1,7/4/2011 11:11,6.63,,United Kingdom,27,7,6.63,27.0,2.0,5.79
333733,558863,85123A,WHITE HANGING HEART T-LIGHT HOLDER,1,7/4/2011 12:28,2.95,17243.0,United Kingdom,27,7,2.95,27.0,1.0,6.63
333746,558863,85123A,WHITE HANGING HEART T-LIGHT HOLDER,3,7/4/2011 12:28,2.95,17243.0,United Kingdom,27,7,8.850000000000001,27.0,1.0,2.95
214560,558900,85123A,WHITE HANGING HEART T-LIGHT HOLDER,2,7/4/2011 16:06,2.95,15349.0,United Kingdom,27,7,5.9,27.0,3.0,2.95
319086,558916,85123A,WHITE HANGING HEART T-LIGHT HOLDER,64,7/5/2011 9:33,2.55,16985.0,United Kingdom,27,7,163.2,27.0,2.0,2.95
348593,558926,85123A,WHITE HANGING HEART T-LIGHT HOLDER,6,7/5/2011 10:21,2.95,17469.0,United Kingdom,27,7,17.700000000000003,27.0,64.0,2.55
127891,558963,85123A,WHITE HANGING HEART T-LIGHT HOLDER,32,7/5/2011 10:57,2.55,14235.0,United Kingdom,27,7,81.6,27.0,6.0,2.95
180131,559006,85123A,WHITE HANGING HEART T-LIGHT HOLDER,32,7/5/2011 12:41,2.55,14905.0,United Kingdom,27,7,81.6,27.0,32.0,2.55
192167,559109,85123A,WHITE HANGING HEART T-LIGHT HOLDER,3,7/6/2011 11:52,2.95,15021.0,United Kingdom,27,7,8.850000000000001,27.0,32.0,2.55
478898,559163,85123A,WHITE HANGING HEART T-LIGHT HOLDER,2,7/6/2011 16:33,5.79,,United Kingdom,27,7,11.58,27.0,3.0,2.95
88667,559327,85123A,WHITE HANGING HEART T-LIGHT HOLDER,4,7/7/2011 15:21,2.95,13681.0,United Kingdom,27,7,11.8,27.0,2.0,5.79
479481,559337,85123A,WHITE HANGING HEART T-LIGHT HOLDER,2,7/7/2011 16:27,5.79,,United Kingdom,27,7,11.58,27.0,4.0,2.95
479730,559338,85123A,WHITE HANGING HEART T-LIGHT HOLDER,5,7/7/2011 16:30,2.95,,United Kingdom,27,7,14.75,27.0,2.0,5.79
374648,559352,85123A,WHITE HANGING HEART T-LIGHT HOLDER,4,7/7/2011 17:47,2.95,17837.0,United Kingdom,27,7,11.8,27.0,5.0,2.95
218443,559356,85123A,WHITE HANGING HEART T-LIGHT HOLDER,6,7/7/2011 18:29,2.95,15416.0,United Kingdom,27,7,17.700000000000003,27.0,4.0,2.95
326205,559357,85123A,WHITE HANGING HEART T-LIGHT HOLDER,32,7/7/2011 18:56,2.55,17107.0,United Kingdom,27,7,81.6,27.0,6.0,2.95
236098,559358,85123A,WHITE HANGING HEART T-LIGHT HOLDER,6,7/7/2011 19:14,2.95,15675.0,United Kingdom,27,7,17.700000000000003,27.0,32.0,2.55
55877,559366,85123A,WHITE HANGING HEART T-LIGHT HOLDER,18,7/8/2011 9:03,2.95,13102.0,United Kingdom,27,7,53.1,27.0,6.0,2.95
186470,559457,85123A,WHITE HANGING HEART T-LIGHT HOLDER,12,7/8/2011 12:50,2.95,14918.0,United Kingdom,27,7,35.400000000000006,27.0,18.0,2.95
479970,559491,85123a,WHITE HANGING HEART T-LIGHT HOLDER,4,7/8/2011 13:53,6.63,,United Kingdom,27,7,26.52,27.0,12.0,2.95
480464,559506,85123A,WHITE HANGING HEART T-LIGHT HOLDER,2,7/8/2011 15:17,5.79,,United Kingdom,27,7,11.58,27.0,4.0,6.63
480493,559514,85123a,WHITE HANGING HEART T-LIGHT HOLDER,1,7/8/2011 15:57,6.63,,United Kingdom,27,7,6.63,27.0,2.0,5.79
314538,559525,85123A,WHITE HANGING HEART T-LIGHT HOLDER,6,7/10/2011 10:30,2.95,16923.0,United Kingdom,27,7,17.700000000000003,27.0,1.0,6.63
50014,559528,85123A,WHITE HANGING HEART T-LIGHT HOLDER,9,7/10/2011 11:34,2.95,13064.0,United Kingdom,27,7,26.55,27.0,6.0,2.95
327048,559542,85123A,WHITE HANGING HEART T-LIGHT HOLDER,3,7/10/2011 13:32,2.95,17126.0,United Kingdom,27,7,8.850000000000001,27.0,9.0,2.95
63519,559549,85123A,WHITE HANGING HEART T-LIGHT HOLDER,2,7/10/2011 15:25,2.95,13230.0,United Kingdom,27,7,5.9,27.0,3.0,2.95
244955,559640,85123A,WHITE HANGING HEART T-LIGHT HOLDER,32,7/11/2011 12:30,2.55,15812.0,United Kingdom,28,7,81.6,27.0,2.0,2.95
151886,559653,85123A,WHITE HANGING HEART T-LIGHT HOLDER,3,7/11/2011 12:49,2.95,14552.0,United Kingdom,28,7,8.850000000000001,28.0,32.0,2.55
289590,559662,85123A,WHITE HANGING HEART T-LIGHT HOLDER,12,7/11/2011 13:32,2.95,16572.0,United Kingdom,28,7,35.400000000000006,28.0,3.0,2.95
15539,559665,85123A,WHITE HANGING HEART T-LIGHT HOLDER,2,7/11/2011 13:35,2.95,12556.0,Spain,28,7,5.9,28.0,12.0,2.95
53429,559691,85123A,WHITE HANGING HEART T-LIGHT HOLDER,32,7/11/2011 15:52,2.55,13089.0,United Kingdom,28,7,81.6,28.0,2.0,2.95
347505,559700,85123A,WHITE HANGING HEART T-LIGHT HOLDER,128,7/12/2011 9:04,3.24,17450.0,United Kingdom,28,7,414.72,28.0,32.0,2.55
256911,559701,85123A,WHITE HANGING HEART T-LIGHT HOLDER,512,7/12/2011 9:10,2.55,16013.0,United Kingdom,28,7,1305.6,28.0,128.0,3.24
290689,559706,85123A,WHITE HANGING HEART T-LIGHT HOLDER,6,7/12/2011 10:02,2.95,16609.0,United Kingdom,28,7,17.700000000000003,28.0,512.0,2.55
371418,559745,85123A,WHITE HANGING HEART T-LIGHT HOLDER,2,7/12/2011 11:15,2.95,17790.0,United Kingdom,28,7,5.9,28.0,6.0,2.95
398760,559774,85123A,WHITE HANGING HEART T-LIGHT HOLDER,4,7/12/2011 11:37,2.95,18122.0,United Kingdom,28,7,11.8,28.0,2.0,2.95
151742,559790,85123A,WHITE HANGING HEART T-LIGHT HOLDER,96,7/12/2011 12:19,2.55,14548.0,United Kingdom,28,7,244.79999999999998,28.0,4.0,2.95
362697,559791,85123A,WHITE HANGING HEART T-LIGHT HOLDER,32,7/12/2011 12:24,2.55,17675.0,United Kingdom,28,7,81.6,28.0,96.0,2.55
481188,559801,85123a,WHITE HANGING HEART T-LIGHT HOLDER,1,7/12/2011 13:46,6.63,,United Kingdom,28,7,6.63,28.0,32.0,2.55
481237,559802,85123a,WHITE HANGING HEART T-LIGHT HOLDER,2,7/12/2011 13:48,6.63,,United Kingdom,28,7,13.26,28.0,1.0,6.63
280033,559809,85123A,WHITE HANGING HEART T-LIGHT HOLDER,1,7/12/2011 14:57,2.95,16409.0,United Kingdom,28,7,2.95,28.0,2.0,6.63
481655,559816,85123A,WHITE HANGING HEART T-LIGHT HOLDER,2,7/12/2011 16:11,5.79,,United Kingdom,28,7,11.58,28.0,1.0,2.95
354485,559824,85123A,WHITE HANGING HEART T-LIGHT HOLDER,3,7/12/2011 17:23,2.95,17576.0,United Kingdom,28,7,8.850000000000001,28.0,2.0,5.79
100555,559836,85123A,WHITE HANGING HEART T-LIGHT HOLDER,6,7/13/2011 10:09,2.95,13911.0,United Kingdom,28,7,17.700000000000003,28.0,3.0,2.95
65697,559887,85123A,WHITE HANGING HEART T-LIGHT HOLDER,2,7/13/2011 11:44,2.95,13263.0,United Kingdom,28,7,5.9,28.0,6.0,2.95
282441,559888,85123A,WHITE HANGING HEART T-LIGHT HOLDER,24,7/13/2011 11:47,2.95,16450.0,United Kingdom,28,7,70.80000000000001,28.0,2.0,2.95
122312,559894,85123A,WHITE HANGING HEART T-LIGHT HOLDER,7,7/13/2011 12:06,2.95,14159.0,United Kingdom,28,7,20.650000000000002,28.0,24.0,2.95
402969,559906,85123A,WHITE HANGING HEART T-LIGHT HOLDER,6,7/13/2011 13:33,2.95,18219.0,United Kingdom,28,7,17.700000000000003,28.0,7.0,2.95
403521,559918,85123A,WHITE HANGING HEART T-LIGHT HOLDER,12,7/13/2011 15:29,2.95,18225.0,United Kingdom,28,7,35.400000000000006,28.0,6.0,2.95
87730,559921,85123A,WHITE HANGING HEART T-LIGHT HOLDER,1,7/13/2011 15:42,2.95,13667.0,United Kingdom,28,7,2.95,28.0,12.0,2.95
368007,559930,85123A,WHITE HANGING HEART T-LIGHT HOLDER,6,7/14/2011 9:22,2.95,17738.0,United Kingdom,28,7,17.700000000000003,28.0,1.0,2.95
298253,559933,85123A,WHITE HANGING HEART T-LIGHT HOLDER,6,7/14/2011 9:54,2.95,16719.0,United Kingdom,28,7,17.700000000000003,28.0,6.0,2.95
337212,559938,85123A,WHITE HANGING HEART T-LIGHT HOLDER,4,7/14/2011 10:15,2.95,17315.0,United Kingdom,28,7,11.8,28.0,6.0,2.95
176815,559951,85123A,WHITE HANGING HEART T-LIGHT HOLDER,18,7/14/2011 10:52,2.95,14847.0,United Kingdom,28,7,53.1,28.0,4.0,2.95
217725,559988,85123A,WHITE HANGING HEART T-LIGHT HOLDER,10,7/14/2011 12:17,2.95,15402.0,United Kingdom,28,7,29.5,28.0,18.0,2.95
190724,560024,85123A,WHITE HANGING HEART T-LIGHT HOLDER,5,7/14/2011 13:00,2.95,15005.0,United Kingdom,28,7,14.75,28.0,10.0,2.95
406361,560025,85123A,WHITE HANGING HEART T-LIGHT HOLDER,1,7/14/2011 13:00,2.95,18283.0,United Kingdom,28,7,2.95,28.0,5.0,2.95
365360,560035,85123A,WHITE HANGING HEART T-LIGHT HOLDER,6,7/14/2011 13:41,2.95,17706.0,United Kingdom,28,7,17.700000000000003,28.0,1.0,2.95
182389,560036,85123A,WHITE HANGING HEART T-LIGHT HOLDER,24,7/14/2011 13:51,2.95,14911.0,EIRE,28,7,70.80000000000001,28.0,6.0,2.95
79473,560048,85123A,WHITE HANGING HEART T-LIGHT HOLDER,6,7/14/2011 15:02,2.95,13515.0,United Kingdom,28,7,17.700000000000003,28.0,24.0,2.95
401013,560087,85123A,WHITE HANGING HEART T-LIGHT HOLDER,128,7/14/2011 16:39,2.55,18172.0,United Kingdom,28,7,326.4,28.0,6.0,2.95
104497,560102,85123A,WHITE HANGING HEART T-LIGHT HOLDER,6,7/14/2011 18:28,2.95,13994.0,United Kingdom,28,7,17.700000000000003,28.0,128.0,2.55
387670,560104,85123A,WHITE HANGING HEART T-LIGHT HOLDER,4,7/14/2011 18:56,2.95,17921.0,United Kingdom,28,7,11.8,28.0,6.0,2.95
43012,560107,85123A,WHITE HANGING HEART T-LIGHT HOLDER,6,7/15/2011 8:09,2.95,12928.0,United Kingdom,28,7,17.700000000000003,28.0,4.0,2.95
482665,560121,85123A,WHITE HANGING HEART T-LIGHT HOLDER,2,7/15/2011 10:33,2.95,,United Kingdom,28,7,5.9,28.0,6.0,2.95
398263,560125,85123A,WHITE HANGING HEART T-LIGHT HOLDER,2,7/15/2011 10:44,2.95,18118.0,United Kingdom,28,7,5.9,28.0,2.0,2.95
153225,560224,85123A,WHITE HANGING HEART T-LIGHT HOLDER,9,7/15/2011 16:06,2.95,14572.0,United Kingdom,28,7,26.55,28.0,2.0,2.95
482674,560225,85123A,WHITE HANGING HEART T-LIGHT HOLDER,4,7/15/2011 16:27,5.79,,United Kingdom,28,7,23.16,28.0,9.0,2.95
238391,560240,85123A,WHITE HANGING HEART T-LIGHT HOLDER,10,7/17/2011 11:59,2.95,15716.0,United Kingdom,28,7,29.5,28.0,4.0,5.79
370701,560251,85123A,WHITE HANGING HEART T-LIGHT HOLDER,3,7/17/2011 12:32,2.95,17774.0,United Kingdom,28,7,8.850000000000001,28.0,10.0,2.95
370695,560251,85123A,WHITE HANGING HEART T-LIGHT HOLDER,2,7/17/2011 12:32,2.95,17774.0,United Kingdom,28,7,5.9,28.0,3.0,2.95
107199,560260,85123A,WHITE HANGING HEART T-LIGHT HOLDER,2,7/17/2011 13:32,2.95,14044.0,United Kingdom,28,7,5.9,28.0,2.0,2.95
283948,560271,85123A,WHITE HANGING HEART T-LIGHT HOLDER,1,7/17/2011 14:51,2.95,16474.0,United Kingdom,28,7,2.95,28.0,2.0,2.95
283952,560271,85123A,WHITE HANGING HEART T-LIGHT HOLDER,2,7/17/2011 14:51,2.95,16474.0,United Kingdom,28,7,5.9,28.0,1.0,2.95
283957,560271,85123A,WHITE HANGING HEART T-LIGHT HOLDER,3,7/17/2011 14:51,2.95,16474.0,United Kingdom,28,7,8.850000000000001,28.0,2.0,2.95
187469,560285,85123A,WHITE HANGING HEART T-LIGHT HOLDER,24,7/18/2011 9:21,2.95,14944.0,United Kingdom,29,7,70.80000000000001,28.0,3.0,2.95
483152,560290,85123a,WHITE HANGING HEART T-LIGHT HOLDER,2,7/18/2011 10:17,6.63,,United Kingdom,29,7,13.26,29.0,24.0,2.95
483197,560291,85123a,WHITE HANGING HEART T-LIGHT HOLDER,3,7/18/2011 10:17,6.63,,United Kingdom,29,7,19.89,29.0,2.0,6.63
483387,560298,85123a,WHITE HANGING HEART T-LIGHT HOLDER,1,7/18/2011 10:26,6.63,,United Kingdom,29,7,6.63,29.0,3.0,6.63
122476,560359,85123A,WHITE HANGING HEART T-LIGHT HOLDER,5,7/18/2011 11:47,2.95,14159.0,United Kingdom,29,7,14.75,29.0,1.0,6.63
29675,560360,85123A,WHITE HANGING HEART T-LIGHT HOLDER,32,7/18/2011 11:55,2.55,12744.0,Singapore,29,7,81.6,29.0,5.0,2.95
295846,560364,85123A,WHITE HANGING HEART T-LIGHT HOLDER,32,7/18/2011 12:15,2.55,16705.0,United Kingdom,29,7,81.6,29.0,32.0,2.55
378237,560368,85123A,WHITE HANGING HEART T-LIGHT HOLDER,1,7/18/2011 12:25,2.95,17841.0,United Kingdom,29,7,2.95,29.0,32.0,2.55
153978,560385,85123A,WHITE HANGING HEART T-LIGHT HOLDER,1,7/18/2011 12:53,2.95,14583.0,United Kingdom,29,7,2.95,29.0,1.0,2.95
153965,560385,85123A,WHITE HANGING HEART T-LIGHT HOLDER,1,7/18/2011 12:53,2.95,14583.0,United Kingdom,29,7,2.95,29.0,1.0,2.95
361013,560397,85123A,WHITE HANGING HEART T-LIGHT HOLDER,6,7/18/2011 14:04,2.95,17652.0,United Kingdom,29,7,17.700000000000003,29.0,1.0,2.95
330632,560410,85123A,WHITE HANGING HEART T-LIGHT HOLDER,6,7/18/2011 14:28,2.95,17213.0,United Kingdom,29,7,17.700000000000003,29.0,6.0,2.95
483565,560433,85123A,WHITE HANGING HEART T-LIGHT HOLDER,4,7/18/2011 15:49,5.79,,United Kingdom,29,7,23.16,29.0,6.0,2.95
483997,560434,85123A,WHITE HANGING HEART T-LIGHT HOLDER,2,7/18/2011 15:56,5.79,,United Kingdom,29,7,11.58,29.0,4.0,5.79
51885,560504,85123A,WHITE HANGING HEART T-LIGHT HOLDER,32,7/19/2011 11:47,2.55,13081.0,United Kingdom,29,7,81.6,29.0,2.0,5.79
269466,560554,85123A,WHITE HANGING HEART T-LIGHT HOLDER,6,7/19/2011 13:01,2.95,16232.0,United Kingdom,29,7,17.700000000000003,29.0,32.0,2.55
123839,560555,85123A,WHITE HANGING HEART T-LIGHT HOLDER,1,7/19/2011 13:01,2.95,14178.0,United Kingdom,29,7,2.95,29.0,6.0,2.95
123852,560555,85123A,WHITE HANGING HEART T-LIGHT HOLDER,1,7/19/2011 13:01,2.95,14178.0,United Kingdom,29,7,2.95,29.0,1.0,2.95
123874,560555,85123A,WHITE HANGING HEART T-LIGHT HOLDER,1,7/19/2011 13:01,2.95,14178.0,United Kingdom,29,7,2.95,29.0,1.0,2.95
238250,560562,85123A,WHITE HANGING HEART T-LIGHT HOLDER,18,7/19/2011 13:34,2.95,15713.0,United Kingdom,29,7,53.1,29.0,1.0,2.95
95105,560597,85123A,WHITE HANGING HEART T-LIGHT HOLDER,96,7/19/2011 16:54,2.55,13798.0,United Kingdom,29,7,244.79999999999998,29.0,18.0,2.95
302258,560601,85123A,WHITE HANGING HEART T-LIGHT HOLDER,2,7/19/2011 17:17,2.95,16764.0,United Kingdom,29,7,5.9,29.0,96.0,2.55
272224,560644,85123A,WHITE HANGING HEART T-LIGHT HOLDER,10,7/20/2011 11:22,2.95,16271.0,United Kingdom,29,7,29.5,29.0,2.0,2.95
166988,560692,85123A,WHITE HANGING HEART T-LIGHT HOLDER,2,7/20/2011 12:01,2.95,14704.0,United Kingdom,29,7,5.9,29.0,10.0,2.95
83034,560727,85123A,WHITE HANGING HEART T-LIGHT HOLDER,2,7/20/2011 14:33,2.95,13571.0,United Kingdom,29,7,5.9,29.0,2.0,2.95
350773,560729,85123A,WHITE HANGING HEART T-LIGHT HOLDER,64,7/20/2011 14:39,2.55,17511.0,United Kingdom,29,7,163.2,29.0,2.0,2.95
208765,560736,85123A,WHITE HANGING HEART T-LIGHT HOLDER,18,7/20/2011 15:33,2.95,15260.0,United Kingdom,29,7,53.1,29.0,64.0,2.55
171132,560742,85123A,WHITE HANGING HEART T-LIGHT HOLDER,6,7/20/2011 15:44,2.95,14755.0,United Kingdom,29,7,17.700000000000003,29.0,18.0,2.95
484597,560772,85123A,WHITE HANGING HEART T-LIGHT HOLDER,1,7/20/2011 16:12,5.79,,United Kingdom,29,7,5.79,29.0,6.0,2.95
484856,560773,85123A,WHITE HANGING HEART T-LIGHT HOLDER,1,7/20/2011 16:17,5.79,,United Kingdom,29,7,5.79,29.0,1.0,5.79
485094,560779,85123a,WHITE HANGING HEART T-LIGHT HOLDER,2,7/21/2011 9:30,6.63,,United Kingdom,29,7,13.26,29.0,1.0,5.79
485137,560780,85123a,WHITE HANGING HEART T-LIGHT HOLDER,2,7/21/2011 9:31,6.63,,United Kingdom,29,7,13.26,29.0,2.0,6.63
131859,560841,85123A,WHITE HANGING HEART T-LIGHT HOLDER,24,7/21/2011 12:25,2.55,14298.0,United Kingdom,29,7,61.199999999999996,29.0,2.0,6.63
111461,560862,85123A,WHITE HANGING HEART T-LIGHT HOLDER,4,7/21/2011 13:48,2.95,14085.0,United Kingdom,29,7,11.8,29.0,24.0,2.55
82399,560875,85123A,WHITE HANGING HEART T-LIGHT HOLDER,18,7/21/2011 15:12,2.95,13562.0,United Kingdom,29,7,53.1,29.0,4.0,2.95
68982,560915,85123A,WHITE HANGING HEART T-LIGHT HOLDER,6,7/21/2011 18:19,2.95,13313.0,United Kingdom,29,7,17.700000000000003,29.0,18.0,2.95
485332,560926,85123A,WHITE HANGING HEART T-LIGHT HOLDER,3,7/22/2011 9:20,5.79,,United Kingdom,29,7,17.37,29.0,6.0,2.95
177338,560928,85123A,WHITE HANGING HEART T-LIGHT HOLDER,12,7/22/2011 10:00,2.95,14852.0,United Kingdom,29,7,35.400000000000006,29.0,3.0,5.79
126107,560972,85123A,WHITE HANGING HEART T-LIGHT HOLDER,32,7/22/2011 11:44,2.55,14209.0,United Kingdom,29,7,81.6,29.0,12.0,2.95
262572,560980,85123A,WHITE HANGING HEART T-LIGHT HOLDER,32,7/22/2011 12:41,2.55,16107.0,United Kingdom,29,7,81.6,29.0,32.0,2.55
246913,560988,85123A,WHITE HANGING HEART T-LIGHT HOLDER,6,7/22/2011 13:17,2.95,15854.0,United Kingdom,29,7,17.700000000000003,29.0,32.0,2.55
237556,560989,85123A,WHITE HANGING HEART T-LIGHT HOLDER,6,7/22/2011 13:20,2.95,15704.0,United Kingdom,29,7,17.700000000000003,29.0,6.0,2.95
400544,560992,85123A,WHITE HANGING HEART T-LIGHT HOLDER,6,7/22/2011 13:31,2.95,18161.0,United Kingdom,29,7,17.700000000000003,29.0,6.0,2.95
359345,560996,85123A,WHITE HANGING HEART T-LIGHT HOLDER,3,7/22/2011 13:53,2.95,17625.0,United Kingdom,29,7,8.850000000000001,29.0,6.0,2.95
247308,561009,85123A,WHITE HANGING HEART T-LIGHT HOLDER,32,7/22/2011 16:03,2.55,15856.0,United Kingdom,29,7,81.6,29.0,3.0,2.95
41991,561024,85123A,WHITE HANGING HEART T-LIGHT HOLDER,64,7/24/2011 10:35,2.55,12916.0,United Kingdom,29,7,163.2,29.0,32.0,2.55
270036,561025,85123A,WHITE HANGING HEART T-LIGHT HOLDER,2,7/24/2011 10:37,2.95,16241.0,United Kingdom,29,7,5.9,29.0,64.0,2.55
279799,561030,85123A,WHITE HANGING HEART T-LIGHT HOLDER,4,7/24/2011 11:25,2.95,16407.0,United Kingdom,29,7,11.8,29.0,2.0,2.95
238077,561043,85123A,WHITE HANGING HEART T-LIGHT HOLDER,20,7/24/2011 12:20,2.95,15708.0,United Kingdom,29,7,59.0,29.0,4.0,2.95
96590,561044,85123A,WHITE HANGING HEART T-LIGHT HOLDER,64,7/24/2011 12:26,2.55,13831.0,United Kingdom,29,7,163.2,29.0,20.0,2.95
56706,561068,85123A,WHITE HANGING HEART T-LIGHT HOLDER,6,7/24/2011 14:33,2.95,13116.0,United Kingdom,29,7,17.700000000000003,29.0,64.0,2.55
14811,561093,85123A,WHITE HANGING HEART T-LIGHT HOLDER,12,7/25/2011 10:01,2.95,12540.0,Spain,30,7,35.400000000000006,29.0,6.0,2.95
117986,561099,85123A,WHITE HANGING HEART T-LIGHT HOLDER,1,7/25/2011 11:01,2.95,14100.0,United Kingdom,30,7,2.95,30.0,12.0,2.95
134528,561132,85123A,WHITE HANGING HEART T-LIGHT HOLDER,6,7/25/2011 13:00,2.95,14344.0,United Kingdom,30,7,17.700000000000003,30.0,1.0,2.95
259098,561192,85123A,WHITE HANGING HEART T-LIGHT HOLDER,6,7/25/2011 13:45,2.95,16033.0,United Kingdom,30,7,17.700000000000003,30.0,6.0,2.95
174107,561195,85123A,WHITE HANGING HEART T-LIGHT HOLDER,2,7/25/2011 13:57,2.95,14796.0,United Kingdom,30,7,5.9,30.0,6.0,2.95
37732,561204,85123A,WHITE HANGING HEART T-LIGHT HOLDER,2,7/25/2011 15:22,2.95,12836.0,United Kingdom,30,7,5.9,30.0,2.0,2.95
56203,561206,85123A,WHITE HANGING HEART T-LIGHT HOLDER,12,7/25/2011 16:18,2.95,13110.0,United Kingdom,30,7,35.400000000000006,30.0,2.0,2.95
486194,561214,85123A,WHITE HANGING HEART T-LIGHT HOLDER,1,7/25/2011 17:00,5.79,,United Kingdom,30,7,5.79,30.0,12.0,2.95
486451,561217,85123A,WHITE HANGING HEART T-LIGHT HOLDER,1,7/25/2011 17:09,5.79,,United Kingdom,30,7,5.79,30.0,1.0,5.79
209659,561221,85123A,WHITE HANGING HEART T-LIGHT HOLDER,6,7/26/2011 9:23,2.95,15281.0,United Kingdom,30,7,17.700000000000003,30.0,1.0,5.79
486973,561371,85123A,WHITE HANGING HEART T-LIGHT HOLDER,2,7/26/2011 16:25,5.79,,United Kingdom,30,7,11.58,30.0,6.0,2.95
404738,561393,85123A,WHITE HANGING HEART T-LIGHT HOLDER,6,7/27/2011 10:10,2.95,18241.0,United Kingdom,30,7,17.700000000000003,30.0,2.0,5.79
76382,561396,85123A,WHITE HANGING HEART T-LIGHT HOLDER,32,7/27/2011 10:40,2.55,13458.0,United Kingdom,30,7,81.6,30.0,6.0,2.95
148516,561463,85123A,WHITE HANGING HEART T-LIGHT HOLDER,3,7/27/2011 12:38,2.95,14527.0,United Kingdom,30,7,8.850000000000001,30.0,32.0,2.55
378456,561485,85123A,WHITE HANGING HEART T-LIGHT HOLDER,4,7/27/2011 13:42,2.95,17841.0,United Kingdom,30,7,11.8,30.0,3.0,2.95
132727,561502,85123A,WHITE HANGING HEART T-LIGHT HOLDER,6,7/27/2011 14:14,2.95,14305.0,United Kingdom,30,7,17.700000000000003,30.0,4.0,2.95
233576,561511,85123A,WHITE HANGING HEART T-LIGHT HOLDER,6,7/27/2011 15:02,2.95,15624.0,United Kingdom,30,7,17.700000000000003,30.0,6.0,2.95
487112,561513,85123A,WHITE HANGING HEART T-LIGHT HOLDER,1,7/27/2011 15:12,5.79,,United Kingdom,30,7,5.79,30.0,6.0,2.95
132948,561534,85123A,WHITE HANGING HEART T-LIGHT HOLDER,6,7/28/2011 9:45,2.95,14307.0,United Kingdom,30,7,17.700000000000003,30.0,1.0,5.79
248173,561600,85123A,WHITE HANGING HEART T-LIGHT HOLDER,3,7/28/2011 11:29,2.95,15861.0,United Kingdom,30,7,8.850000000000001,30.0,6.0,2.95
487467,561651,85123A,WHITE HANGING HEART T-LIGHT HOLDER,1,7/28/2011 15:36,5.79,,United Kingdom,30,7,5.79,30.0,3.0,2.95
347521,561659,85123A,WHITE HANGING HEART T-LIGHT HOLDER,480,7/28/2011 16:11,3.24,17450.0,United Kingdom,30,7,1555.2,30.0,1.0,5.79
59097,561686,85123A,WHITE HANGING HEART T-LIGHT HOLDER,6,7/29/2011 8:29,2.95,13148.0,United Kingdom,30,7,17.700000000000003,30.0,480.0,3.24
265085,561694,85123A,WHITE HANGING HEART T-LIGHT HOLDER,6,7/29/2011 9:57,2.95,16147.0,United Kingdom,30,7,17.700000000000003,30.0,6.0,2.95
399413,561697,85123A,WHITE HANGING HEART T-LIGHT HOLDER,6,7/29/2011 10:06,2.95,18127.0,United Kingdom,30,7,17.700000000000003,30.0,6.0,2.95
202970,561702,85123A,WHITE HANGING HEART T-LIGHT HOLDER,6,7/29/2011 10:58,2.95,15149.0,United Kingdom,30,7,17.700000000000003,30.0,6.0,2.95
144780,561712,85123A,WHITE HANGING HEART T-LIGHT HOLDER,6,7/29/2011 11:49,2.95,14499.0,United Kingdom,30,7,17.700000000000003,30.0,6.0,2.95
55913,561715,85123A,WHITE HANGING HEART T-LIGHT HOLDER,12,7/29/2011 12:03,2.95,13102.0,United Kingdom,30,7,35.400000000000006,30.0,6.0,2.95
182732,561798,85123A,WHITE HANGING HEART T-LIGHT HOLDER,12,7/29/2011 13:39,2.95,14911.0,EIRE,30,7,35.400000000000006,30.0,12.0,2.95
303831,561818,85123A,WHITE HANGING HEART T-LIGHT HOLDER,2,7/29/2011 15:51,2.95,16775.0,United Kingdom,30,7,5.9,30.0,12.0,2.95
100932,561819,85123A,WHITE HANGING HEART T-LIGHT HOLDER,12,7/29/2011 15:59,2.95,13928.0,United Kingdom,30,7,35.400000000000006,30.0,2.0,2.95
46945,561857,85123A,WHITE HANGING HEART T-LIGHT HOLDER,6,7/29/2011 16:24,2.95,13004.0,United Kingdom,30,7,17.700000000000003,30.0,12.0,2.95
230183,561862,85123A,WHITE HANGING HEART T-LIGHT HOLDER,32,7/31/2011 10:38,2.55,15569.0,United Kingdom,30,7,81.6,30.0,6.0,2.95
230201,561865,85123A,WHITE HANGING HEART T-LIGHT HOLDER,32,7/31/2011 10:47,2.55,15569.0,United Kingdom,30,7,81.6,30.0,32.0,2.55
302317,561869,85123A,WHITE HANGING HEART T-LIGHT HOLDER,4,7/31/2011 11:38,2.95,16764.0,United Kingdom,30,7,11.8,30.0,32.0,2.55
143678,561876,85123A,WHITE HANGING HEART T-LIGHT HOLDER,2,7/31/2011 12:08,2.95,14472.0,United Kingdom,30,7,5.9,30.0,4.0,2.95
72667,561882,85123A,WHITE HANGING HEART T-LIGHT HOLDER,18,7/31/2011 12:52,2.95,13388.0,United Kingdom,30,7,53.1,30.0,2.0,2.95
112388,561888,85123A,WHITE HANGING HEART T-LIGHT HOLDER,6,7/31/2011 13:36,2.95,14092.0,United Kingdom,30,7,17.700000000000003,30.0,18.0,2.95
141794,561894,85123A,WHITE HANGING HEART T-LIGHT HOLDER,1,7/31/2011 15:00,2.95,14456.0,United Kingdom,30,7,2.95,30.0,6.0,2.95
328992,561899,85123A,WHITE HANGING HEART T-LIGHT HOLDER,12,7/31/2011 15:26,2.95,17173.0,United Kingdom,30,7,35.400000000000006,30.0,1.0,2.95
322294,561910,85123A,WHITE HANGING HEART T-LIGHT HOLDER,12,8/1/2011 10:23,2.95,17053.0,United Kingdom,31,8,35.400000000000006,30.0,12.0,2.95
363143,561914,85123A,WHITE HANGING HEART T-LIGHT HOLDER,6,8/1/2011 11:13,2.95,17676.0,United Kingdom,31,8,17.700000000000003,31.0,12.0,2.95
118674,561923,85123A,WHITE HANGING HEART T-LIGHT HOLDER,6,8/1/2011 12:16,2.95,14112.0,United Kingdom,31,8,17.700000000000003,31.0,6.0,2.95
44256,561933,85123A,WHITE HANGING HEART T-LIGHT HOLDER,12,8/1/2011 12:56,2.95,12949.0,United Kingdom,31,8,35.400000000000006,31.0,6.0,2.95
153021,562002,85123A,WHITE HANGING HEART T-LIGHT HOLDER,12,8/1/2011 13:48,2.95,14567.0,United Kingdom,31,8,35.400000000000006,31.0,12.0,2.95
187352,562017,85123A,WHITE HANGING HEART T-LIGHT HOLDER,12,8/1/2011 14:16,2.95,14937.0,Channel Islands,31,8,35.400000000000006,31.0,12.0,2.95
488046,562024,85123A,WHITE HANGING HEART T-LIGHT HOLDER,1,8/1/2011 16:07,5.79,,United Kingdom,31,8,5.79,31.0,12.0,2.95
94379,562093,85123A,WHITE HANGING HEART T-LIGHT HOLDER,32,8/2/2011 12:59,2.55,13777.0,United Kingdom,31,8,81.6,31.0,1.0,5.79
61255,562129,85123A,WHITE HANGING HEART T-LIGHT HOLDER,6,8/3/2011 9:09,2.95,13186.0,United Kingdom,31,8,17.700000000000003,31.0,32.0,2.55
266151,562152,85123A,WHITE HANGING HEART T-LIGHT HOLDER,32,8/3/2011 10:56,2.55,16168.0,United Kingdom,31,8,81.6,31.0,6.0,2.95
233779,562163,85123A,WHITE HANGING HEART T-LIGHT HOLDER,12,8/3/2011 12:06,2.95,15628.0,United Kingdom,31,8,35.400000000000006,31.0,32.0,2.55
149350,562173,85123A,WHITE HANGING HEART T-LIGHT HOLDER,5,8/3/2011 12:12,2.95,14530.0,United Kingdom,31,8,14.75,31.0,12.0,2.95
273973,562204,85123A,WHITE HANGING HEART T-LIGHT HOLDER,1,8/3/2011 12:54,2.95,16324.0,United Kingdom,31,8,2.95,31.0,5.0,2.95
273922,562204,85123A,WHITE HANGING HEART T-LIGHT HOLDER,3,8/3/2011 12:54,2.95,16324.0,United Kingdom,31,8,8.850000000000001,31.0,1.0,2.95
77841,562210,85123A,WHITE HANGING HEART T-LIGHT HOLDER,6,8/3/2011 13:10,2.95,13486.0,United Kingdom,31,8,17.700000000000003,31.0,3.0,2.95
97445,562218,85123A,WHITE HANGING HEART T-LIGHT HOLDER,12,8/3/2011 14:07,2.95,13851.0,United Kingdom,31,8,35.400000000000006,31.0,6.0,2.95
200116,562219,85123A,WHITE HANGING HEART T-LIGHT HOLDER,12,8/3/2011 14:14,2.95,15089.0,United Kingdom,31,8,35.400000000000006,31.0,12.0,2.95
351413,562263,85123A,WHITE HANGING HEART T-LIGHT HOLDER,2,8/3/2011 15:45,2.95,17514.0,United Kingdom,31,8,5.9,31.0,12.0,2.95
190794,562341,85123A,WHITE HANGING HEART T-LIGHT HOLDER,3,8/4/2011 12:13,2.95,15005.0,United Kingdom,31,8,8.850000000000001,31.0,2.0,2.95
65777,562347,85123A,WHITE HANGING HEART T-LIGHT HOLDER,4,8/4/2011 12:22,2.95,13263.0,United Kingdom,31,8,11.8,31.0,3.0,2.95
350849,562348,85123A,WHITE HANGING HEART T-LIGHT HOLDER,64,8/4/2011 12:36,2.55,17511.0,United Kingdom,31,8,163.2,31.0,4.0,2.95
134549,562365,85123A,WHITE HANGING HEART T-LIGHT HOLDER,4,8/4/2011 13:51,2.95,14344.0,United Kingdom,31,8,11.8,31.0,64.0,2.55
150285,562377,85123A,WHITE HANGING HEART T-LIGHT HOLDER,12,8/4/2011 15:04,2.95,14535.0,United Kingdom,31,8,35.400000000000006,31.0,4.0,2.95
202277,562379,85123A,WHITE HANGING HEART T-LIGHT HOLDER,12,8/4/2011 15:17,2.95,15134.0,United Kingdom,31,8,35.400000000000006,31.0,12.0,2.95
401040,562393,85123A,WHITE HANGING HEART T-LIGHT HOLDER,24,8/4/2011 16:17,2.95,18172.0,United Kingdom,31,8,70.80000000000001,31.0,12.0,2.95
488966,562420,85123A,WHITE HANGING HEART T-LIGHT HOLDER,3,8/4/2011 16:38,5.79,,United Kingdom,31,8,17.37,31.0,24.0,2.95
168341,562444,85123A,WHITE HANGING HEART T-LIGHT HOLDER,4,8/4/2011 18:44,2.95,14713.0,United Kingdom,31,8,11.8,31.0,3.0,5.79
378708,562460,85123A,WHITE HANGING HEART T-LIGHT HOLDER,3,8/5/2011 11:19,2.95,17841.0,United Kingdom,31,8,8.850000000000001,31.0,4.0,2.95
202136,562516,85123A,WHITE HANGING HEART T-LIGHT HOLDER,12,8/5/2011 12:25,2.95,15129.0,United Kingdom,31,8,35.400000000000006,31.0,3.0,2.95
302323,562519,85123A,WHITE HANGING HEART T-LIGHT HOLDER,8,8/5/2011 12:37,2.95,16764.0,United Kingdom,31,8,23.6,31.0,12.0,2.95
18961,562528,85123A,WHITE HANGING HEART T-LIGHT HOLDER,6,8/5/2011 13:52,2.95,12610.0,Italy,31,8,17.700000000000003,31.0,8.0,2.95
342969,562542,85123A,WHITE HANGING HEART T-LIGHT HOLDER,5,8/5/2011 15:40,2.95,17377.0,United Kingdom,31,8,14.75,31.0,6.0,2.95
489180,562553,85123A,WHITE HANGING HEART T-LIGHT HOLDER,4,8/5/2011 16:34,5.79,,United Kingdom,31,8,23.16,31.0,5.0,2.95
268333,562565,85123A,WHITE HANGING HEART T-LIGHT HOLDER,2,8/7/2011 10:45,2.95,16206.0,United Kingdom,31,8,5.9,31.0,4.0,5.79
94601,562571,85123A,WHITE HANGING HEART T-LIGHT HOLDER,2,8/7/2011 12:21,2.95,13782.0,United Kingdom,31,8,5.9,31.0,2.0,2.95
218125,562575,85123A,WHITE HANGING HEART T-LIGHT HOLDER,6,8/7/2011 12:54,2.95,15411.0,United Kingdom,31,8,17.700000000000003,31.0,2.0,2.95
317629,562579,85123A,WHITE HANGING HEART T-LIGHT HOLDER,32,8/7/2011 13:30,2.55,16950.0,United Kingdom,31,8,81.6,31.0,6.0,2.95
234524,562587,85123A,WHITE HANGING HEART T-LIGHT HOLDER,32,8/7/2011 14:34,2.55,15640.0,United Kingdom,31,8,81.6,31.0,32.0,2.55
287055,562593,85123A,WHITE HANGING HEART T-LIGHT HOLDER,9,8/7/2011 15:43,2.95,16549.0,United Kingdom,31,8,26.55,31.0,32.0,2.55
356984,562595,85123A,WHITE HANGING HEART T-LIGHT HOLDER,6,8/7/2011 15:52,2.95,17602.0,United Kingdom,31,8,17.700000000000003,31.0,9.0,2.95
358302,562604,85123A,WHITE HANGING HEART T-LIGHT HOLDER,6,8/8/2011 10:51,2.95,17611.0,United Kingdom,32,8,17.700000000000003,31.0,6.0,2.95
365786,562611,85123A,WHITE HANGING HEART T-LIGHT HOLDER,32,8/8/2011 11:58,2.55,17716.0,United Kingdom,32,8,81.6,32.0,6.0,2.95
282792,562615,85123A,WHITE HANGING HEART T-LIGHT HOLDER,5,8/8/2011 12:20,2.95,16458.0,United Kingdom,32,8,14.75,32.0,32.0,2.55
176753,562652,85123A,WHITE HANGING HEART T-LIGHT HOLDER,6,8/8/2011 13:34,2.95,14844.0,United Kingdom,32,8,17.700000000000003,32.0,5.0,2.95
98319,562688,85123A,WHITE HANGING HEART T-LIGHT HOLDER,9,8/8/2011 13:53,2.95,13869.0,United Kingdom,32,8,26.55,32.0,6.0,2.95
324803,562708,85123A,WHITE HANGING HEART T-LIGHT HOLDER,4,8/8/2011 14:15,2.95,17085.0,United Kingdom,32,8,11.8,32.0,9.0,2.95
304770,562711,85123A,WHITE HANGING HEART T-LIGHT HOLDER,5,8/8/2011 14:53,2.95,16788.0,United Kingdom,32,8,14.75,32.0,4.0,2.95
128833,562716,85123A,WHITE HANGING HEART T-LIGHT HOLDER,6,8/8/2011 15:35,2.95,14257.0,United Kingdom,32,8,17.700000000000003,32.0,5.0,2.95
158839,562733,85123A,WHITE HANGING HEART T-LIGHT HOLDER,32,8/9/2011 10:20,2.55,14626.0,United Kingdom,32,8,81.6,32.0,6.0,2.95
93869,562767,85123A,WHITE HANGING HEART T-LIGHT HOLDER,6,8/9/2011 10:47,2.95,13769.0,United Kingdom,32,8,17.700000000000003,32.0,32.0,2.55
327724,562770,85123A,WHITE HANGING HEART T-LIGHT HOLDER,12,8/9/2011 11:56,2.95,17139.0,United Kingdom,32,8,35.400000000000006,32.0,6.0,2.95
208012,562777,85123A,WHITE HANGING HEART T-LIGHT HOLDER,32,8/9/2011 12:52,2.55,15247.0,United Kingdom,32,8,81.6,32.0,12.0,2.95
305058,562784,85123A,WHITE HANGING HEART T-LIGHT HOLDER,2,8/9/2011 13:22,2.95,16791.0,United Kingdom,32,8,5.9,32.0,32.0,2.55
360019,562792,85123A,WHITE HANGING HEART T-LIGHT HOLDER,2,8/9/2011 14:18,2.95,17634.0,United Kingdom,32,8,5.9,32.0,2.0,2.95
303859,562809,85123A,WHITE HANGING HEART T-LIGHT HOLDER,3,8/9/2011 15:12,2.95,16775.0,United Kingdom,32,8,8.850000000000001,32.0,2.0,2.95
362827,562842,85123A,WHITE HANGING HEART T-LIGHT HOLDER,32,8/9/2011 16:44,2.55,17675.0,United Kingdom,32,8,81.6,32.0,3.0,2.95
270087,562878,85123A,WHITE HANGING HEART T-LIGHT HOLDER,2,8/10/2011 10:45,2.95,16241.0,United Kingdom,32,8,5.9,32.0,32.0,2.55
232962,562918,85123A,WHITE HANGING HEART T-LIGHT HOLDER,32,8/10/2011 13:51,2.55,15615.0,United Kingdom,32,8,81.6,32.0,2.0,2.95
126125,562930,85123A,WHITE HANGING HEART T-LIGHT HOLDER,32,8/10/2011 16:01,2.55,14209.0,United Kingdom,32,8,81.6,32.0,32.0,2.55
490139,562933,85123A,WHITE HANGING HEART T-LIGHT HOLDER,2,8/10/2011 16:51,5.79,,United Kingdom,32,8,11.58,32.0,32.0,2.55
121405,562935,85123A,WHITE HANGING HEART T-LIGHT HOLDER,64,8/10/2011 17:11,2.55,14156.0,EIRE,32,8,163.2,32.0,2.0,5.79
490566,562955,85123a,WHITE HANGING HEART T-LIGHT HOLDER,11,8/11/2011 10:14,6.63,,United Kingdom,32,8,72.92999999999999,32.0,64.0,2.55
78202,562964,85123A,WHITE HANGING HEART T-LIGHT HOLDER,12,8/11/2011 10:29,2.95,13488.0,United Kingdom,32,8,35.400000000000006,32.0,11.0,6.63
73437,563014,85123A,WHITE HANGING HEART T-LIGHT HOLDER,32,8/11/2011 12:17,2.55,13408.0,United Kingdom,32,8,81.6,32.0,12.0,2.95
65801,563031,85123A,WHITE HANGING HEART T-LIGHT HOLDER,1,8/11/2011 14:38,2.95,13263.0,United Kingdom,32,8,2.95,32.0,32.0,2.55
371451,563035,85123A,WHITE HANGING HEART T-LIGHT HOLDER,3,8/11/2011 14:54,2.95,17790.0,United Kingdom,32,8,8.850000000000001,32.0,1.0,2.95
221627,563089,85123A,WHITE HANGING HEART T-LIGHT HOLDER,12,8/11/2011 16:54,2.95,15469.0,United Kingdom,32,8,35.400000000000006,32.0,3.0,2.95
99706,563104,85123A,WHITE HANGING HEART T-LIGHT HOLDER,6,8/12/2011 10:13,2.95,13888.0,United Kingdom,32,8,17.700000000000003,32.0,12.0,2.95
183016,563169,85123A,WHITE HANGING HEART T-LIGHT HOLDER,12,8/12/2011 12:42,2.95,14911.0,EIRE,32,8,35.400000000000006,32.0,6.0,2.95
290907,563181,85123A,WHITE HANGING HEART T-LIGHT HOLDER,6,8/12/2011 14:32,2.95,16612.0,United Kingdom,32,8,17.700000000000003,32.0,12.0,2.95
351623,563184,85123A,WHITE HANGING HEART T-LIGHT HOLDER,4,8/12/2011 14:50,2.95,17516.0,United Kingdom,32,8,11.8,32.0,6.0,2.95
208982,563198,85123A,WHITE HANGING HEART T-LIGHT HOLDER,32,8/14/2011 10:38,2.55,15270.0,United Kingdom,32,8,81.6,32.0,4.0,2.95
358786,563206,85123A,WHITE HANGING HEART T-LIGHT HOLDER,10,8/14/2011 12:08,2.95,17613.0,United Kingdom,32,8,29.5,32.0,32.0,2.55
283428,563210,85123A,WHITE HANGING HEART T-LIGHT HOLDER,6,8/14/2011 12:27,2.95,16466.0,United Kingdom,32,8,17.700000000000003,32.0,10.0,2.95
277537,563214,85123A,WHITE HANGING HEART T-LIGHT HOLDER,4,8/14/2011 12:56,2.95,16370.0,United Kingdom,32,8,11.8,32.0,6.0,2.95
329004,563242,85123A,WHITE HANGING HEART T-LIGHT HOLDER,12,8/15/2011 10:28,2.95,17173.0,United Kingdom,33,8,35.400000000000006,32.0,4.0,2.95
233587,563250,85123A,WHITE HANGING HEART T-LIGHT HOLDER,12,8/15/2011 11:38,2.95,15624.0,United Kingdom,33,8,35.400000000000006,33.0,12.0,2.95
206738,563253,85123A,WHITE HANGING HEART T-LIGHT HOLDER,32,8/15/2011 12:04,2.55,15218.0,United Kingdom,33,8,81.6,33.0,12.0,2.95
95281,563257,85123A,WHITE HANGING HEART T-LIGHT HOLDER,6,8/15/2011 12:07,2.95,13799.0,United Kingdom,33,8,17.700000000000003,33.0,32.0,2.55
237629,563352,85123A,WHITE HANGING HEART T-LIGHT HOLDER,6,8/15/2011 14:32,2.95,15706.0,United Kingdom,33,8,17.700000000000003,33.0,6.0,2.95
209088,563354,85123A,WHITE HANGING HEART T-LIGHT HOLDER,4,8/15/2011 14:35,2.95,15271.0,United Kingdom,33,8,11.8,33.0,6.0,2.95
192929,563360,85123A,WHITE HANGING HEART T-LIGHT HOLDER,32,8/15/2011 15:06,2.55,15023.0,United Kingdom,33,8,81.6,33.0,4.0,2.95
189868,563377,85123A,WHITE HANGING HEART T-LIGHT HOLDER,12,8/16/2011 10:44,2.95,15002.0,United Kingdom,33,8,35.400000000000006,33.0,32.0,2.55
186488,563430,85123A,WHITE HANGING HEART T-LIGHT HOLDER,32,8/16/2011 11:50,2.55,14918.0,United Kingdom,33,8,81.6,33.0,12.0,2.95
264045,563435,85123A,WHITE HANGING HEART T-LIGHT HOLDER,32,8/16/2011 12:29,2.55,16131.0,United Kingdom,33,8,81.6,33.0,32.0,2.55
58634,563441,85123A,WHITE HANGING HEART T-LIGHT HOLDER,5,8/16/2011 13:13,2.95,13140.0,United Kingdom,33,8,14.75,33.0,32.0,2.55
259178,563444,85123A,WHITE HANGING HEART T-LIGHT HOLDER,6,8/16/2011 13:50,2.95,16033.0,United Kingdom,33,8,17.700000000000003,33.0,5.0,2.95
28422,563502,85123A,WHITE HANGING HEART T-LIGHT HOLDER,32,8/17/2011 8:50,2.55,12722.0,France,33,8,81.6,33.0,6.0,2.95
270135,563533,85123A,WHITE HANGING HEART T-LIGHT HOLDER,1,8/17/2011 11:14,2.95,16241.0,United Kingdom,33,8,2.95,33.0,32.0,2.55
491463,563549,85123a,WHITE HANGING HEART T-LIGHT HOLDER,1,8/17/2011 12:34,6.63,,United Kingdom,33,8,6.63,33.0,1.0,2.95
301958,563555,85123A,WHITE HANGING HEART T-LIGHT HOLDER,10,8/17/2011 13:21,2.95,16755.0,United Kingdom,33,8,29.5,33.0,1.0,6.63
242780,563557,85123A,WHITE HANGING HEART T-LIGHT HOLDER,12,8/17/2011 13:33,2.95,15786.0,United Kingdom,33,8,35.400000000000006,33.0,10.0,2.95
338991,563565,85123A,WHITE HANGING HEART T-LIGHT HOLDER,8,8/17/2011 14:22,2.95,17338.0,United Kingdom,33,8,23.6,33.0,12.0,2.95
405356,563569,85123A,WHITE HANGING HEART T-LIGHT HOLDER,6,8/17/2011 14:47,2.95,18257.0,United Kingdom,33,8,17.700000000000003,33.0,8.0,2.95
124794,563706,85123A,WHITE HANGING HEART T-LIGHT HOLDER,6,8/18/2011 14:48,2.95,14189.0,United Kingdom,33,8,17.700000000000003,33.0,6.0,2.95
126870,563730,85123A,WHITE HANGING HEART T-LIGHT HOLDER,6,8/18/2011 17:43,2.95,14221.0,United Kingdom,33,8,17.700000000000003,33.0,6.0,2.95
193142,563738,85123A,WHITE HANGING HEART T-LIGHT HOLDER,3,8/18/2011 19:13,2.95,15024.0,United Kingdom,33,8,8.850000000000001,33.0,6.0,2.95
400836,563858,85123A,WHITE HANGING HEART T-LIGHT HOLDER,6,8/19/2011 16:04,2.95,18170.0,United Kingdom,33,8,17.700000000000003,33.0,3.0,2.95
279805,563920,85123A,WHITE HANGING HEART T-LIGHT HOLDER,6,8/21/2011 14:00,2.95,16407.0,United Kingdom,33,8,17.700000000000003,33.0,6.0,2.95
149020,563922,85123A,WHITE HANGING HEART T-LIGHT HOLDER,2,8/21/2011 14:10,2.95,14529.0,United Kingdom,33,8,5.9,33.0,6.0,2.95
491651,563930,85123A,WHITE HANGING HEART T-LIGHT HOLDER,1,8/21/2011 15:43,2.95,,United Kingdom,33,8,2.95,33.0,2.0,2.95
179125,563931,85123A,WHITE HANGING HEART T-LIGHT HOLDER,6,8/21/2011 15:49,2.95,14895.0,United Kingdom,33,8,17.700000000000003,33.0,1.0,2.95
256937,564046,85123A,WHITE HANGING HEART T-LIGHT HOLDER,400,8/22/2011 12:59,2.55,16013.0,United Kingdom,34,8,1019.9999999999999,33.0,6.0,2.95
256938,564048,85123A,WHITE HANGING HEART T-LIGHT HOLDER,16,8/22/2011 13:20,2.55,16013.0,United Kingdom,34,8,40.8,34.0,400.0,2.55
146300,564061,85123A,WHITE HANGING HEART T-LIGHT HOLDER,4,8/22/2011 14:38,2.95,14505.0,United Kingdom,34,8,11.8,34.0,16.0,2.55
321129,564090,85123A,WHITE HANGING HEART T-LIGHT HOLDER,6,8/23/2011 9:53,2.95,17041.0,United Kingdom,34,8,17.700000000000003,34.0,4.0,2.95
312112,564139,85123A,WHITE HANGING HEART T-LIGHT HOLDER,1,8/23/2011 11:41,2.95,16904.0,United Kingdom,34,8,2.95,34.0,6.0,2.95
230202,564160,85123A,WHITE HANGING HEART T-LIGHT HOLDER,96,8/23/2011 12:47,2.55,15569.0,United Kingdom,34,8,244.79999999999998,34.0,1.0,2.95
84208,564165,85123A,WHITE HANGING HEART T-LIGHT HOLDER,6,8/23/2011 13:35,2.95,13593.0,United Kingdom,34,8,17.700000000000003,34.0,96.0,2.55
491748,564185,85123A,WHITE HANGING HEART T-LIGHT HOLDER,1,8/23/2011 15:14,2.95,,United Kingdom,34,8,2.95,34.0,6.0,2.95
190867,564187,85123A,WHITE HANGING HEART T-LIGHT HOLDER,4,8/23/2011 15:24,2.95,15005.0,United Kingdom,34,8,11.8,34.0,1.0,2.95
74382,564197,85123A,WHITE HANGING HEART T-LIGHT HOLDER,6,8/23/2011 17:13,2.95,13425.0,United Kingdom,34,8,17.700000000000003,34.0,4.0,2.95
65833,564199,85123A,WHITE HANGING HEART T-LIGHT HOLDER,2,8/23/2011 17:31,2.95,13263.0,United Kingdom,34,8,5.9,34.0,6.0,2.95
491930,564221,85123a,WHITE HANGING HEART T-LIGHT HOLDER,3,8/24/2011 9:36,6.63,,United Kingdom,34,8,19.89,34.0,2.0,2.95
95125,564248,85123A,WHITE HANGING HEART T-LIGHT HOLDER,32,8/24/2011 10:37,2.55,13798.0,United Kingdom,34,8,81.6,34.0,3.0,6.63
132546,564301,85123A,WHITE HANGING HEART T-LIGHT HOLDER,12,8/24/2011 11:54,2.95,14299.0,United Kingdom,34,8,35.400000000000006,34.0,32.0,2.55
73675,564330,85123A,WHITE HANGING HEART T-LIGHT HOLDER,6,8/24/2011 13:57,2.95,13411.0,United Kingdom,34,8,17.700000000000003,34.0,12.0,2.95
243627,564335,85123A,WHITE HANGING HEART T-LIGHT HOLDER,2,8/24/2011 14:23,2.95,15800.0,United Kingdom,34,8,5.9,34.0,6.0,2.95
79187,564355,85123A,WHITE HANGING HEART T-LIGHT HOLDER,6,8/24/2011 15:12,2.95,13507.0,United Kingdom,34,8,17.700000000000003,34.0,2.0,2.95
289784,564374,85123A,WHITE HANGING HEART T-LIGHT HOLDER,6,8/25/2011 10:00,2.95,16589.0,United Kingdom,34,8,17.700000000000003,34.0,6.0,2.95
125844,564376,85123A,WHITE HANGING HEART T-LIGHT HOLDER,64,8/25/2011 10:25,2.55,14196.0,United Kingdom,34,8,163.2,34.0,6.0,2.95
404771,564398,85123A,WHITE HANGING HEART T-LIGHT HOLDER,6,8/25/2011 10:55,2.95,18241.0,United Kingdom,34,8,17.700000000000003,34.0,64.0,2.55
18986,564476,85123A,WHITE HANGING HEART T-LIGHT HOLDER,12,8/25/2011 12:57,2.95,12610.0,Italy,34,8,35.400000000000006,34.0,6.0,2.95
492135,564530,85123A,WHITE HANGING HEART T-LIGHT HOLDER,1,8/25/2011 14:57,0.0,,United Kingdom,34,8,0.0,34.0,12.0,2.95
394632,564535,85123A,WHITE HANGING HEART T-LIGHT HOLDER,6,8/25/2011 15:10,2.95,18075.0,United Kingdom,34,8,17.700000000000003,34.0,1.0,0.0
282812,564542,85123A,WHITE HANGING HEART T-LIGHT HOLDER,6,8/25/2011 15:47,2.95,16458.0,United Kingdom,34,8,17.700000000000003,34.0,6.0,2.95
293468,564552,85123A,WHITE HANGING HEART T-LIGHT HOLDER,6,8/25/2011 17:22,2.95,16670.0,United Kingdom,34,8,17.700000000000003,34.0,6.0,2.95
400630,564626,85123A,WHITE HANGING HEART T-LIGHT HOLDER,12,8/26/2011 11:40,2.95,18167.0,United Kingdom,34,8,35.400000000000006,34.0,6.0,2.95
288607,564632,85123A,WHITE HANGING HEART T-LIGHT HOLDER,12,8/26/2011 11:58,2.95,16556.0,United Kingdom,34,8,35.400000000000006,34.0,12.0,2.95
303211,564713,85123A,WHITE HANGING HEART T-LIGHT HOLDER,2,8/28/2011 10:43,2.95,16768.0,United Kingdom,34,8,5.9,34.0,12.0,2.95
303225,564713,85123A,WHITE HANGING HEART T-LIGHT HOLDER,3,8/28/2011 10:43,2.95,16768.0,United Kingdom,34,8,8.850000000000001,34.0,2.0,2.95
143711,564715,85123A,WHITE HANGING HEART T-LIGHT HOLDER,2,8/28/2011 11:01,2.95,14472.0,United Kingdom,34,8,5.9,34.0,3.0,2.95
282653,564722,85123A,WHITE HANGING HEART T-LIGHT HOLDER,5,8/28/2011 12:06,2.95,16456.0,United Kingdom,34,8,14.75,34.0,2.0,2.95
229428,564724,85123A,WHITE HANGING HEART T-LIGHT HOLDER,2,8/28/2011 12:16,2.95,15555.0,United Kingdom,34,8,5.9,34.0,5.0,2.95
283451,564732,85123A,WHITE HANGING HEART T-LIGHT HOLDER,6,8/28/2011 13:08,2.95,16466.0,United Kingdom,34,8,17.700000000000003,34.0,2.0,2.95
283447,564732,85123A,WHITE HANGING HEART T-LIGHT HOLDER,8,8/28/2011 13:08,2.95,16466.0,United Kingdom,34,8,23.6,34.0,6.0,2.95
213587,564737,85123A,WHITE HANGING HEART T-LIGHT HOLDER,12,8/28/2011 14:00,2.95,15312.0,United Kingdom,34,8,35.400000000000006,34.0,8.0,2.95
107251,564740,85123A,WHITE HANGING HEART T-LIGHT HOLDER,2,8/28/2011 14:39,2.95,14044.0,United Kingdom,34,8,5.9,34.0,12.0,2.95
492827,564756,85123A,WHITE HANGING HEART T-LIGHT HOLDER,1,8/30/2011 10:33,5.79,,United Kingdom,35,8,5.79,34.0,2.0,2.95
493207,564758,85123A,WHITE HANGING HEART T-LIGHT HOLDER,2,8/30/2011 10:39,2.95,,United Kingdom,35,8,5.9,35.0,1.0,5.79
493847,564818,85123A,WHITE HANGING HEART T-LIGHT HOLDER,6,8/30/2011 12:10,2.95,,United Kingdom,35,8,17.700000000000003,35.0,2.0,2.95
494281,564835,85123A,WHITE HANGING HEART T-LIGHT HOLDER,2,8/30/2011 12:31,2.95,,United Kingdom,35,8,5.9,35.0,6.0,2.95
494751,564838,85123A,WHITE HANGING HEART T-LIGHT HOLDER,1,8/30/2011 12:43,5.79,,United Kingdom,35,8,5.79,35.0,2.0,2.95
494967,564840,85123A,WHITE HANGING HEART T-LIGHT HOLDER,3,8/30/2011 12:49,2.95,,United Kingdom,35,8,8.850000000000001,35.0,1.0,5.79
494797,564840,85123A,WHITE HANGING HEART T-LIGHT HOLDER,1,8/30/2011 12:49,5.79,,United Kingdom,35,8,5.79,35.0,3.0,2.95
147030,564846,85123A,WHITE HANGING HEART T-LIGHT HOLDER,15,8/30/2011 15:16,2.95,14507.0,United Kingdom,35,8,44.25,35.0,1.0,5.79
362872,564849,85123A,WHITE HANGING HEART T-LIGHT HOLDER,32,8/30/2011 15:42,2.55,17675.0,United Kingdom,35,8,81.6,35.0,15.0,2.95
495175,564857,85123a,WHITE HANGING HEART T-LIGHT HOLDER,2,8/31/2011 9:23,6.63,,United Kingdom,35,8,13.26,35.0,32.0,2.55
147873,564961,85123A,WHITE HANGING HEART T-LIGHT HOLDER,32,8/31/2011 14:28,2.55,14525.0,United Kingdom,35,8,81.6,35.0,2.0,6.63
495459,564974,85123A,WHITE HANGING HEART T-LIGHT HOLDER,1,8/31/2011 15:32,2.95,,United Kingdom,35,8,2.95,35.0,32.0,2.55
325683,564975,85123A,WHITE HANGING HEART T-LIGHT HOLDER,2,8/31/2011 15:35,2.95,17097.0,Spain,35,8,5.9,35.0,1.0,2.95
304451,564995,85123A,WHITE HANGING HEART T-LIGHT HOLDER,2,8/31/2011 16:09,2.95,16780.0,United Kingdom,35,8,5.9,35.0,2.0,2.95
264954,565088,85123A,WHITE HANGING HEART T-LIGHT HOLDER,6,9/1/2011 10:11,2.95,16145.0,United Kingdom,35,9,17.700000000000003,35.0,2.0,2.95
112400,565092,85123A,WHITE HANGING HEART T-LIGHT HOLDER,12,9/1/2011 10:36,2.95,14092.0,United Kingdom,35,9,35.400000000000006,35.0,6.0,2.95
53769,565117,85123A,WHITE HANGING HEART T-LIGHT HOLDER,32,9/1/2011 11:33,2.55,13089.0,United Kingdom,35,9,81.6,35.0,12.0,2.95
128022,565121,85123A,WHITE HANGING HEART T-LIGHT HOLDER,6,9/1/2011 11:43,2.95,14239.0,United Kingdom,35,9,17.700000000000003,35.0,32.0,2.55
239182,565129,85123A,WHITE HANGING HEART T-LIGHT HOLDER,5,9/1/2011 12:41,2.95,15719.0,United Kingdom,35,9,14.75,35.0,6.0,2.95
76422,565133,85123A,WHITE HANGING HEART T-LIGHT HOLDER,12,9/1/2011 12:46,2.95,13458.0,United Kingdom,35,9,35.400000000000006,35.0,5.0,2.95
132037,565150,85123A,WHITE HANGING HEART T-LIGHT HOLDER,24,9/1/2011 14:26,2.55,14298.0,United Kingdom,35,9,61.199999999999996,35.0,12.0,2.95
302392,565207,85123A,WHITE HANGING HEART T-LIGHT HOLDER,3,9/1/2011 16:46,2.95,16764.0,United Kingdom,35,9,8.850000000000001,35.0,24.0,2.55
401063,565208,85123A,WHITE HANGING HEART T-LIGHT HOLDER,12,9/1/2011 16:50,2.95,18172.0,United Kingdom,35,9,35.400000000000006,35.0,3.0,2.95
295882,565230,85123A,WHITE HANGING HEART T-LIGHT HOLDER,96,9/2/2011 9:24,2.55,16705.0,United Kingdom,35,9,244.79999999999998,35.0,12.0,2.95
495647,565231,85123A,WHITE HANGING HEART T-LIGHT HOLDER,4,9/2/2011 9:26,2.95,,United Kingdom,35,9,11.8,35.0,96.0,2.55
495839,565232,85123A,WHITE HANGING HEART T-LIGHT HOLDER,1,9/2/2011 9:30,5.79,,United Kingdom,35,9,5.79,35.0,4.0,2.95
496180,565234,85123A,WHITE HANGING HEART T-LIGHT HOLDER,1,9/2/2011 9:38,5.79,,United Kingdom,35,9,5.79,35.0,1.0,5.79
300242,565243,85123A,WHITE HANGING HEART T-LIGHT HOLDER,18,9/2/2011 10:20,2.95,16735.0,United Kingdom,35,9,53.1,35.0,1.0,5.79
233794,565316,85123A,WHITE HANGING HEART T-LIGHT HOLDER,12,9/2/2011 12:52,2.95,15628.0,United Kingdom,35,9,35.400000000000006,35.0,18.0,2.95
496699,565396,85123A,WHITE HANGING HEART T-LIGHT HOLDER,2,9/2/2011 16:39,5.79,,United Kingdom,35,9,11.58,35.0,12.0,2.95
247471,565398,85123A,WHITE HANGING HEART T-LIGHT HOLDER,32,9/2/2011 16:50,2.55,15856.0,United Kingdom,35,9,81.6,35.0,2.0,5.79
370740,565427,85123A,WHITE HANGING HEART T-LIGHT HOLDER,2,9/4/2011 12:49,2.95,17774.0,United Kingdom,35,9,5.9,35.0,32.0,2.55
270182,565432,85123A,WHITE HANGING HEART T-LIGHT HOLDER,2,9/4/2011 13:16,2.95,16241.0,United Kingdom,35,9,5.9,35.0,2.0,2.95
177355,565439,85123A,WHITE HANGING HEART T-LIGHT HOLDER,12,9/4/2011 13:56,2.95,14852.0,United Kingdom,35,9,35.400000000000006,35.0,2.0,2.95
153004,565457,85123A,WHITE HANGING HEART T-LIGHT HOLDER,12,9/5/2011 9:07,2.95,14565.0,United Kingdom,36,9,35.400000000000006,35.0,12.0,2.95
122652,565541,85123A,WHITE HANGING HEART T-LIGHT HOLDER,4,9/5/2011 12:00,2.95,14159.0,United Kingdom,36,9,11.8,36.0,12.0,2.95
313689,565588,85123A,WHITE HANGING HEART T-LIGHT HOLDER,6,9/5/2011 13:50,2.95,16918.0,United Kingdom,36,9,17.700000000000003,36.0,4.0,2.95
282233,565596,85123A,WHITE HANGING HEART T-LIGHT HOLDER,8,9/5/2011 14:27,2.95,16444.0,United Kingdom,36,9,23.6,36.0,6.0,2.95
496910,565617,85123A,WHITE HANGING HEART T-LIGHT HOLDER,1,9/5/2011 15:30,5.79,,United Kingdom,36,9,5.79,36.0,8.0,2.95
76964,565643,85123A,WHITE HANGING HEART T-LIGHT HOLDER,64,9/5/2011 15:56,2.55,13468.0,United Kingdom,36,9,163.2,36.0,1.0,5.79
187497,565670,85123A,WHITE HANGING HEART T-LIGHT HOLDER,12,9/6/2011 9:23,2.95,14944.0,United Kingdom,36,9,35.400000000000006,36.0,64.0,2.55
364766,565672,85123A,WHITE HANGING HEART T-LIGHT HOLDER,32,9/6/2011 9:34,2.55,17700.0,United Kingdom,36,9,81.6,36.0,12.0,2.95
224861,565675,85123A,WHITE HANGING HEART T-LIGHT HOLDER,32,9/6/2011 9:51,2.55,15513.0,United Kingdom,36,9,81.6,36.0,32.0,2.55
174260,565682,85123A,WHITE HANGING HEART T-LIGHT HOLDER,2,9/6/2011 10:42,2.95,14796.0,United Kingdom,36,9,5.9,36.0,32.0,2.55
365803,565728,85123A,WHITE HANGING HEART T-LIGHT HOLDER,32,9/6/2011 12:00,2.55,17716.0,United Kingdom,36,9,81.6,36.0,2.0,2.95
121602,565748,85123A,WHITE HANGING HEART T-LIGHT HOLDER,24,9/6/2011 12:38,2.95,14156.0,EIRE,36,9,70.80000000000001,36.0,32.0,2.55
266636,565769,85123A,WHITE HANGING HEART T-LIGHT HOLDER,6,9/6/2011 14:32,2.95,16175.0,United Kingdom,36,9,17.700000000000003,36.0,24.0,2.95
348142,565778,85123A,WHITE HANGING HEART T-LIGHT HOLDER,12,9/6/2011 15:04,2.95,17460.0,United Kingdom,36,9,35.400000000000006,36.0,6.0,2.95
55433,565781,85123A,WHITE HANGING HEART T-LIGHT HOLDER,32,9/6/2011 15:34,2.55,13098.0,United Kingdom,36,9,81.6,36.0,12.0,2.95
183285,565800,85123A,WHITE HANGING HEART T-LIGHT HOLDER,6,9/7/2011 10:23,2.95,14911.0,EIRE,36,9,17.700000000000003,36.0,32.0,2.55
497237,565840,85123A,WHITE HANGING HEART T-LIGHT HOLDER,4,9/7/2011 12:02,5.79,,United Kingdom,36,9,23.16,36.0,6.0,2.95
497633,565847,85123a,WHITE HANGING HEART T-LIGHT HOLDER,9,9/7/2011 12:44,6.63,,United Kingdom,36,9,59.67,36.0,4.0,5.79
183389,565857,85123A,WHITE HANGING HEART T-LIGHT HOLDER,6,9/7/2011 14:13,2.95,14911.0,EIRE,36,9,17.700000000000003,36.0,9.0,6.63
498214,565928,85123A,WHITE HANGING HEART T-LIGHT HOLDER,6,9/8/2011 10:09,2.95,,EIRE,36,9,17.700000000000003,36.0,6.0,2.95
403099,565934,85123A,WHITE HANGING HEART T-LIGHT HOLDER,12,9/8/2011 10:45,2.95,18222.0,United Kingdom,36,9,35.400000000000006,36.0,6.0,2.95
261473,565995,85123A,WHITE HANGING HEART T-LIGHT HOLDER,2,9/8/2011 11:48,2.95,16076.0,United Kingdom,36,9,5.9,36.0,12.0,2.95
93883,566043,85123A,WHITE HANGING HEART T-LIGHT HOLDER,6,9/8/2011 13:54,2.95,13769.0,United Kingdom,36,9,17.700000000000003,36.0,2.0,2.95
498285,566060,85123A,WHITE HANGING HEART T-LIGHT HOLDER,1,9/8/2011 15:27,5.79,,United Kingdom,36,9,5.79,36.0,6.0,2.95
398305,566171,85123A,WHITE HANGING HEART T-LIGHT HOLDER,2,9/9/2011 12:22,2.95,18118.0,United Kingdom,36,9,5.9,36.0,1.0,5.79
167993,566194,85123A,WHITE HANGING HEART T-LIGHT HOLDER,2,9/9/2011 13:42,2.95,14711.0,United Kingdom,36,9,5.9,36.0,2.0,2.95
312724,566200,85123A,WHITE HANGING HEART T-LIGHT HOLDER,1,9/9/2011 14:14,2.95,16910.0,United Kingdom,36,9,2.95,36.0,2.0,2.95
158923,566204,85123A,WHITE HANGING HEART T-LIGHT HOLDER,24,9/9/2011 14:58,2.95,14628.0,United Kingdom,36,9,70.80000000000001,36.0,1.0,2.95
194532,566234,85123A,WHITE HANGING HEART T-LIGHT HOLDER,12,9/11/2011 11:08,2.95,15035.0,United Kingdom,36,9,35.400000000000006,36.0,24.0,2.95
234137,566235,85123A,WHITE HANGING HEART T-LIGHT HOLDER,18,9/11/2011 11:17,2.95,15636.0,United Kingdom,36,9,53.1,36.0,12.0,2.95
342995,566238,85123A,WHITE HANGING HEART T-LIGHT HOLDER,4,9/11/2011 11:24,2.95,17377.0,United Kingdom,36,9,11.8,36.0,18.0,2.95
262580,566247,85123A,WHITE HANGING HEART T-LIGHT HOLDER,32,9/11/2011 12:03,2.55,16107.0,United Kingdom,36,9,81.6,36.0,4.0,2.95
405265,566265,85123A,WHITE HANGING HEART T-LIGHT HOLDER,6,9/11/2011 13:16,2.95,18255.0,United Kingdom,36,9,17.700000000000003,36.0,32.0,2.55
99568,566274,85123A,WHITE HANGING HEART T-LIGHT HOLDER,5,9/11/2011 13:58,2.95,13884.0,United Kingdom,36,9,14.75,36.0,6.0,2.95
287167,566275,85123A,WHITE HANGING HEART T-LIGHT HOLDER,5,9/11/2011 13:58,2.95,16549.0,United Kingdom,36,9,14.75,36.0,5.0,2.95
140035,566279,85123A,WHITE HANGING HEART T-LIGHT HOLDER,6,9/11/2011 14:09,2.95,14432.0,United Kingdom,36,9,17.700000000000003,36.0,5.0,2.95
142031,566290,85123A,WHITE HANGING HEART T-LIGHT HOLDER,1,9/11/2011 15:24,2.95,14456.0,United Kingdom,36,9,2.95,36.0,6.0,2.95
208549,566361,85123A,WHITE HANGING HEART T-LIGHT HOLDER,12,9/12/2011 12:32,2.95,15253.0,United Kingdom,37,9,35.400000000000006,36.0,1.0,2.95
86992,566394,85123A,WHITE HANGING HEART T-LIGHT HOLDER,12,9/12/2011 12:45,2.95,13650.0,United Kingdom,37,9,35.400000000000006,37.0,12.0,2.95
264638,566399,85123A,WHITE HANGING HEART T-LIGHT HOLDER,12,9/12/2011 13:11,2.95,16141.0,United Kingdom,37,9,35.400000000000006,37.0,12.0,2.95
319096,566403,85123A,WHITE HANGING HEART T-LIGHT HOLDER,64,9/12/2011 13:38,2.55,16985.0,United Kingdom,37,9,163.2,37.0,12.0,2.95
282820,566425,85123A,WHITE HANGING HEART T-LIGHT HOLDER,6,9/12/2011 14:22,2.95,16458.0,United Kingdom,37,9,17.700000000000003,37.0,64.0,2.55
241557,566440,85123A,WHITE HANGING HEART T-LIGHT HOLDER,6,9/12/2011 15:19,2.95,15755.0,United Kingdom,37,9,17.700000000000003,37.0,6.0,2.95
498939,566446,85123A,WHITE HANGING HEART T-LIGHT HOLDER,1,9/12/2011 15:40,5.79,,United Kingdom,37,9,5.79,37.0,6.0,2.95
394147,566451,85123A,WHITE HANGING HEART T-LIGHT HOLDER,4,9/12/2011 16:14,2.95,18069.0,United Kingdom,37,9,11.8,37.0,1.0,5.79
96597,566479,85123A,WHITE HANGING HEART T-LIGHT HOLDER,32,9/13/2011 9:07,2.55,13831.0,United Kingdom,37,9,81.6,37.0,4.0,2.95
290729,566482,85123A,WHITE HANGING HEART T-LIGHT HOLDER,12,9/13/2011 9:43,2.95,16609.0,United Kingdom,37,9,35.400000000000006,37.0,32.0,2.55
43670,566488,85123A,WHITE HANGING HEART T-LIGHT HOLDER,6,9/13/2011 10:16,2.95,12940.0,United Kingdom,37,9,17.700000000000003,37.0,12.0,2.95
371005,566518,85123A,WHITE HANGING HEART T-LIGHT HOLDER,1,9/13/2011 11:24,2.95,17779.0,United Kingdom,37,9,2.95,37.0,6.0,2.95
225664,566564,85123A,WHITE HANGING HEART T-LIGHT HOLDER,4,9/13/2011 12:26,2.95,15522.0,United Kingdom,37,9,11.8,37.0,1.0,2.95
78228,566572,85123A,WHITE HANGING HEART T-LIGHT HOLDER,6,9/13/2011 12:52,2.95,13488.0,United Kingdom,37,9,17.700000000000003,37.0,4.0,2.95
55452,566576,85123A,WHITE HANGING HEART T-LIGHT HOLDER,32,9/13/2011 13:21,2.55,13098.0,United Kingdom,37,9,81.6,37.0,6.0,2.95
499089,566577,85123a,WHITE HANGING HEART T-LIGHT HOLDER,2,9/13/2011 13:29,6.63,,United Kingdom,37,9,13.26,37.0,32.0,2.55
261704,566581,85123A,WHITE HANGING HEART T-LIGHT HOLDER,32,9/13/2011 13:47,2.55,16081.0,United Kingdom,37,9,81.6,37.0,2.0,6.63
255493,566599,85123A,WHITE HANGING HEART T-LIGHT HOLDER,2,9/13/2011 15:37,2.95,15998.0,United Kingdom,37,9,5.9,37.0,32.0,2.55
65906,566605,85123A,WHITE HANGING HEART T-LIGHT HOLDER,4,9/13/2011 16:27,2.95,13263.0,United Kingdom,37,9,11.8,37.0,2.0,2.95
360195,566618,85123A,WHITE HANGING HEART T-LIGHT HOLDER,64,9/14/2011 9:13,2.55,17640.0,United Kingdom,37,9,163.2,37.0,4.0,2.95
183457,566625,85123A,WHITE HANGING HEART T-LIGHT HOLDER,6,9/14/2011 9:38,2.95,14911.0,EIRE,37,9,17.700000000000003,37.0,64.0,2.55
251979,566713,85123A,WHITE HANGING HEART T-LIGHT HOLDER,6,9/14/2011 12:05,2.95,15933.0,United Kingdom,37,9,17.700000000000003,37.0,6.0,2.95
199980,566719,85123A,WHITE HANGING HEART T-LIGHT HOLDER,6,9/14/2011 12:29,2.95,15081.0,United Kingdom,37,9,17.700000000000003,37.0,6.0,2.95
86233,566720,85123A,WHITE HANGING HEART T-LIGHT HOLDER,3,9/14/2011 12:42,2.95,13634.0,United Kingdom,37,9,8.850000000000001,37.0,6.0,2.95
499759,566787,85123a,WHITE HANGING HEART T-LIGHT HOLDER,2,9/15/2011 10:31,6.63,,United Kingdom,37,9,13.26,37.0,3.0,2.95
190946,566847,85123A,WHITE HANGING HEART T-LIGHT HOLDER,4,9/15/2011 11:57,2.95,15005.0,United Kingdom,37,9,11.8,37.0,2.0,6.63
401064,566848,85123A,WHITE HANGING HEART T-LIGHT HOLDER,128,9/15/2011 12:02,2.55,18172.0,United Kingdom,37,9,326.4,37.0,4.0,2.95
371150,566864,85123A,WHITE HANGING HEART T-LIGHT HOLDER,2,9/15/2011 12:51,2.95,17786.0,United Kingdom,37,9,5.9,37.0,128.0,2.55
357034,566913,85123A,WHITE HANGING HEART T-LIGHT HOLDER,6,9/15/2011 14:07,2.95,17602.0,United Kingdom,37,9,17.700000000000003,37.0,2.0,2.95
224466,566923,85123A,WHITE HANGING HEART T-LIGHT HOLDER,2,9/15/2011 15:05,2.95,15511.0,United Kingdom,37,9,5.9,37.0,6.0,2.95
354555,566932,85123A,WHITE HANGING HEART T-LIGHT HOLDER,1,9/15/2011 15:29,2.95,17576.0,United Kingdom,37,9,2.95,37.0,2.0,2.95
500167,566952,85123A,WHITE HANGING HEART T-LIGHT HOLDER,1,9/15/2011 16:37,5.79,,United Kingdom,37,9,5.79,37.0,1.0,2.95
58762,566979,85123A,WHITE HANGING HEART T-LIGHT HOLDER,18,9/16/2011 9:54,2.95,13141.0,United Kingdom,37,9,53.1,37.0,1.0,5.79
500329,566985,85123a,WHITE HANGING HEART T-LIGHT HOLDER,1,9/16/2011 10:42,6.63,,United Kingdom,37,9,6.63,37.0,18.0,2.95
200501,567096,85123A,WHITE HANGING HEART T-LIGHT HOLDER,6,9/16/2011 13:13,2.95,15099.0,United Kingdom,37,9,17.700000000000003,37.0,1.0,6.63
361047,567138,85123A,WHITE HANGING HEART T-LIGHT HOLDER,12,9/16/2011 14:39,2.95,17652.0,United Kingdom,37,9,35.400000000000006,37.0,6.0,2.95
40593,567144,85123A,WHITE HANGING HEART T-LIGHT HOLDER,64,9/16/2011 15:07,2.55,12871.0,United Kingdom,37,9,163.2,37.0,12.0,2.95
401900,567172,85123A,WHITE HANGING HEART T-LIGHT HOLDER,64,9/18/2011 13:29,2.55,18194.0,United Kingdom,37,9,163.2,37.0,64.0,2.55
50128,567175,85123A,WHITE HANGING HEART T-LIGHT HOLDER,4,9/18/2011 13:38,2.95,13067.0,United Kingdom,37,9,11.8,37.0,64.0,2.55
70533,567182,85123A,WHITE HANGING HEART T-LIGHT HOLDER,12,9/18/2011 15:21,2.95,13334.0,United Kingdom,37,9,35.400000000000006,37.0,4.0,2.95
277597,567185,85123A,WHITE HANGING HEART T-LIGHT HOLDER,1,9/18/2011 15:55,2.95,16370.0,United Kingdom,37,9,2.95,37.0,12.0,2.95
82423,567206,85123A,WHITE HANGING HEART T-LIGHT HOLDER,12,9/19/2011 10:51,2.95,13562.0,United Kingdom,38,9,35.400000000000006,37.0,1.0,2.95
122747,567211,85123A,WHITE HANGING HEART T-LIGHT HOLDER,2,9/19/2011 11:02,2.95,14159.0,United Kingdom,38,9,5.9,38.0,12.0,2.95
164943,567213,85123A,WHITE HANGING HEART T-LIGHT HOLDER,2,9/19/2011 11:04,2.95,14684.0,United Kingdom,38,9,5.9,38.0,2.0,2.95
358822,567303,85123A,WHITE HANGING HEART T-LIGHT HOLDER,12,9/19/2011 13:20,2.95,17613.0,United Kingdom,38,9,35.400000000000006,38.0,2.0,2.95
167037,567304,85123A,WHITE HANGING HEART T-LIGHT HOLDER,2,9/19/2011 13:27,2.95,14704.0,United Kingdom,38,9,5.9,38.0,12.0,2.95
236114,567313,85123A,WHITE HANGING HEART T-LIGHT HOLDER,6,9/19/2011 13:48,2.95,15675.0,United Kingdom,38,9,17.700000000000003,38.0,2.0,2.95
286494,567356,85123A,WHITE HANGING HEART T-LIGHT HOLDER,6,9/19/2011 16:21,2.95,16527.0,United Kingdom,38,9,17.700000000000003,38.0,6.0,2.95
183567,567378,85123A,WHITE HANGING HEART T-LIGHT HOLDER,6,9/20/2011 10:01,2.95,14911.0,EIRE,38,9,17.700000000000003,38.0,6.0,2.95
347583,567384,85123A,WHITE HANGING HEART T-LIGHT HOLDER,128,9/20/2011 10:23,3.2,17450.0,United Kingdom,38,9,409.6,38.0,6.0,2.95
347597,567387,85123A,WHITE HANGING HEART T-LIGHT HOLDER,224,9/20/2011 10:38,3.2,17450.0,United Kingdom,38,9,716.8000000000001,38.0,128.0,3.2
364077,567429,85123A,WHITE HANGING HEART T-LIGHT HOLDER,6,9/20/2011 11:39,2.95,17686.0,United Kingdom,38,9,17.700000000000003,38.0,224.0,3.2
140901,567462,85123A,WHITE HANGING HEART T-LIGHT HOLDER,3,9/20/2011 12:35,2.95,14446.0,United Kingdom,38,9,8.850000000000001,38.0,6.0,2.95
291223,567470,85123A,WHITE HANGING HEART T-LIGHT HOLDER,15,9/20/2011 12:39,2.95,16624.0,United Kingdom,38,9,44.25,38.0,3.0,2.95
276145,567475,85123A,WHITE HANGING HEART T-LIGHT HOLDER,3,9/20/2011 13:11,2.95,16360.0,United Kingdom,38,9,8.850000000000001,38.0,15.0,2.95
276138,567475,85123A,WHITE HANGING HEART T-LIGHT HOLDER,1,9/20/2011 13:11,2.95,16360.0,United Kingdom,38,9,2.95,38.0,3.0,2.95
500574,567507,85123a,WHITE HANGING HEART T-LIGHT HOLDER,1,9/20/2011 14:46,6.63,,United Kingdom,38,9,6.63,38.0,1.0,2.95
126303,567517,85123A,WHITE HANGING HEART T-LIGHT HOLDER,12,9/20/2011 15:49,2.95,14211.0,United Kingdom,38,9,35.400000000000006,38.0,1.0,6.63
501127,567667,85123A,WHITE HANGING HEART T-LIGHT HOLDER,2,9/21/2011 15:24,5.79,,United Kingdom,38,9,11.58,38.0,12.0,2.95
501877,567671,85123A,WHITE HANGING HEART T-LIGHT HOLDER,2,9/21/2011 15:34,5.79,,United Kingdom,38,9,11.58,38.0,2.0,5.79
261936,567672,85123A,WHITE HANGING HEART T-LIGHT HOLDER,6,9/21/2011 15:39,2.95,16085.0,United Kingdom,38,9,17.700000000000003,38.0,2.0,5.79
502081,567673,85123A,WHITE HANGING HEART T-LIGHT HOLDER,1,9/21/2011 15:43,5.79,,United Kingdom,38,9,5.79,38.0,6.0,2.95
3743,567721,85123A,WHITE HANGING HEART T-LIGHT HOLDER,32,9/22/2011 10:38,2.55,12409.0,Switzerland,38,9,81.6,38.0,1.0,5.79
39406,567805,85123A,WHITE HANGING HEART T-LIGHT HOLDER,6,9/22/2011 12:15,2.95,12854.0,United Kingdom,38,9,17.700000000000003,38.0,32.0,2.55
136995,567818,85123A,WHITE HANGING HEART T-LIGHT HOLDER,3,9/22/2011 12:41,2.95,14395.0,United Kingdom,38,9,8.850000000000001,38.0,6.0,2.95
217509,567892,85123A,WHITE HANGING HEART T-LIGHT HOLDER,12,9/22/2011 15:51,2.95,15394.0,United Kingdom,38,9,35.400000000000006,38.0,3.0,2.95
502146,567901,85123A,WHITE HANGING HEART T-LIGHT HOLDER,3,9/22/2011 16:28,5.79,,United Kingdom,38,9,17.37,38.0,12.0,2.95
229565,567912,85123A,WHITE HANGING HEART T-LIGHT HOLDER,2,9/22/2011 17:07,2.95,15555.0,United Kingdom,38,9,5.9,38.0,3.0,5.79
94398,567960,85123A,WHITE HANGING HEART T-LIGHT HOLDER,64,9/23/2011 9:14,2.55,13777.0,United Kingdom,38,9,163.2,38.0,2.0,2.95
304652,567966,85123A,WHITE HANGING HEART T-LIGHT HOLDER,6,9/23/2011 9:26,2.95,16782.0,United Kingdom,38,9,17.700000000000003,38.0,64.0,2.55
14916,568001,85123A,WHITE HANGING HEART T-LIGHT HOLDER,12,9/23/2011 11:35,2.95,12540.0,Spain,38,9,35.400000000000006,38.0,6.0,2.95
398348,568046,85123A,WHITE HANGING HEART T-LIGHT HOLDER,1,9/23/2011 12:16,2.95,18118.0,United Kingdom,38,9,2.95,38.0,12.0,2.95
379893,568049,85123A,WHITE HANGING HEART T-LIGHT HOLDER,4,9/23/2011 12:38,2.95,17841.0,United Kingdom,38,9,11.8,38.0,1.0,2.95
318235,568054,85123A,WHITE HANGING HEART T-LIGHT HOLDER,5,9/23/2011 12:50,2.95,16978.0,United Kingdom,38,9,14.75,38.0,4.0,2.95
502531,568057,85123a,WHITE HANGING HEART T-LIGHT HOLDER,4,9/23/2011 12:56,6.63,,United Kingdom,38,9,26.52,38.0,5.0,2.95
151176,568060,85123A,WHITE HANGING HEART T-LIGHT HOLDER,2,9/23/2011 13:11,2.95,14546.0,United Kingdom,38,9,5.9,38.0,4.0,6.63
312950,568061,85123A,WHITE HANGING HEART T-LIGHT HOLDER,2,9/23/2011 13:12,2.95,16910.0,United Kingdom,38,9,5.9,38.0,2.0,2.95
269659,568065,85123A,WHITE HANGING HEART T-LIGHT HOLDER,6,9/23/2011 13:44,2.95,16240.0,United Kingdom,38,9,17.700000000000003,38.0,2.0,2.95
149114,568066,85123A,WHITE HANGING HEART T-LIGHT HOLDER,2,9/23/2011 13:48,2.95,14529.0,United Kingdom,38,9,5.9,38.0,6.0,2.95
149085,568066,85123A,WHITE HANGING HEART T-LIGHT HOLDER,1,9/23/2011 13:48,2.95,14529.0,United Kingdom,38,9,2.95,38.0,2.0,2.95
244389,568094,85123A,WHITE HANGING HEART T-LIGHT HOLDER,12,9/23/2011 14:43,2.95,15807.0,United Kingdom,38,9,35.400000000000006,38.0,1.0,2.95
284643,568104,85123A,WHITE HANGING HEART T-LIGHT HOLDER,9,9/23/2011 15:50,2.95,16485.0,United Kingdom,38,9,26.55,38.0,12.0,2.95
503050,568135,85123A,WHITE HANGING HEART T-LIGHT HOLDER,1,9/23/2011 17:04,5.79,,United Kingdom,38,9,5.79,38.0,9.0,2.95
196687,568147,85123A,WHITE HANGING HEART T-LIGHT HOLDER,10,9/25/2011 11:34,2.95,15044.0,United Kingdom,38,9,29.5,38.0,1.0,5.79
327190,568165,85123A,WHITE HANGING HEART T-LIGHT HOLDER,6,9/25/2011 12:42,2.95,17131.0,United Kingdom,38,9,17.700000000000003,38.0,10.0,2.95
243524,568168,85123A,WHITE HANGING HEART T-LIGHT HOLDER,3,9/25/2011 12:46,2.95,15799.0,United Kingdom,38,9,8.850000000000001,38.0,6.0,2.95
219225,568180,85123A,WHITE HANGING HEART T-LIGHT HOLDER,2,9/25/2011 13:42,2.95,15429.0,United Kingdom,38,9,5.9,38.0,3.0,2.95
73494,568187,85123A,WHITE HANGING HEART T-LIGHT HOLDER,32,9/25/2011 14:32,2.55,13408.0,United Kingdom,38,9,81.6,38.0,2.0,2.95
303648,568198,85123A,WHITE HANGING HEART T-LIGHT HOLDER,4,9/25/2011 14:52,2.95,16771.0,United Kingdom,38,9,11.8,38.0,32.0,2.55
328325,568210,85123A,WHITE HANGING HEART T-LIGHT HOLDER,12,9/25/2011 15:56,2.95,17159.0,United Kingdom,38,9,35.400000000000006,38.0,4.0,2.95
206765,568241,85123A,WHITE HANGING HEART T-LIGHT HOLDER,32,9/26/2011 12:10,2.55,15218.0,United Kingdom,39,9,81.6,38.0,12.0,2.95
97944,568245,85123A,WHITE HANGING HEART T-LIGHT HOLDER,6,9/26/2011 12:23,2.95,13867.0,United Kingdom,39,9,17.700000000000003,39.0,32.0,2.55
278195,568301,85123A,WHITE HANGING HEART T-LIGHT HOLDER,4,9/26/2011 12:45,2.95,16383.0,United Kingdom,39,9,11.8,39.0,6.0,2.95
278194,568301,85123A,WHITE HANGING HEART T-LIGHT HOLDER,2,9/26/2011 12:45,2.95,16383.0,United Kingdom,39,9,5.9,39.0,4.0,2.95
278228,568301,85123A,WHITE HANGING HEART T-LIGHT HOLDER,4,9/26/2011 12:45,2.95,16383.0,United Kingdom,39,9,11.8,39.0,2.0,2.95
503177,568411,85123a,WHITE HANGING HEART T-LIGHT HOLDER,4,9/27/2011 10:52,6.63,,United Kingdom,39,9,26.52,39.0,4.0,2.95
139173,568428,85123A,WHITE HANGING HEART T-LIGHT HOLDER,3,9/27/2011 11:27,2.95,14419.0,United Kingdom,39,9,8.850000000000001,39.0,4.0,6.63
142141,568517,85123A,WHITE HANGING HEART T-LIGHT HOLDER,1,9/27/2011 12:52,2.95,14456.0,United Kingdom,39,9,2.95,39.0,3.0,2.95
236087,568553,85123A,WHITE HANGING HEART T-LIGHT HOLDER,12,9/27/2011 15:17,2.95,15674.0,United Kingdom,39,9,35.400000000000006,39.0,1.0,2.95
357712,568566,85123A,WHITE HANGING HEART T-LIGHT HOLDER,1,9/27/2011 17:47,2.95,17609.0,United Kingdom,39,9,2.95,39.0,12.0,2.95
79504,568614,85123A,WHITE HANGING HEART T-LIGHT HOLDER,6,9/28/2011 11:26,2.95,13515.0,United Kingdom,39,9,17.700000000000003,39.0,1.0,2.95
95147,568653,85123A,WHITE HANGING HEART T-LIGHT HOLDER,64,9/28/2011 12:16,2.55,13798.0,United Kingdom,39,9,163.2,39.0,6.0,2.95
302461,568662,85123A,WHITE HANGING HEART T-LIGHT HOLDER,1,9/28/2011 12:36,2.95,16764.0,United Kingdom,39,9,2.95,39.0,64.0,2.55
140519,568663,85123A,WHITE HANGING HEART T-LIGHT HOLDER,12,9/28/2011 12:46,2.95,14440.0,United Kingdom,39,9,35.400000000000006,39.0,1.0,2.95
97038,568696,85123A,WHITE HANGING HEART T-LIGHT HOLDER,6,9/28/2011 14:56,2.95,13842.0,United Kingdom,39,9,17.700000000000003,39.0,12.0,2.95
161804,568710,85123A,WHITE HANGING HEART T-LIGHT HOLDER,32,9/28/2011 15:42,2.55,14649.0,United Kingdom,39,9,81.6,39.0,6.0,2.95
504248,568721,85123A,WHITE HANGING HEART T-LIGHT HOLDER,1,9/28/2011 16:24,5.79,,United Kingdom,39,9,5.79,39.0,32.0,2.55
303865,568726,85123A,WHITE HANGING HEART T-LIGHT HOLDER,3,9/28/2011 16:35,2.95,16775.0,United Kingdom,39,9,8.850000000000001,39.0,1.0,5.79
386199,568788,85123A,WHITE HANGING HEART T-LIGHT HOLDER,2,9/29/2011 9:23,2.95,17894.0,United Kingdom,39,9,5.9,39.0,3.0,2.95
143786,568801,85123A,WHITE HANGING HEART T-LIGHT HOLDER,6,9/29/2011 10:46,2.95,14475.0,United Kingdom,39,9,17.700000000000003,39.0,2.0,2.95
261016,568831,85123A,WHITE HANGING HEART T-LIGHT HOLDER,2,9/29/2011 11:35,2.95,16059.0,United Kingdom,39,9,5.9,39.0,6.0,2.95
147631,568878,85123A,WHITE HANGING HEART T-LIGHT HOLDER,4,9/29/2011 12:34,2.95,14524.0,United Kingdom,39,9,11.8,39.0,2.0,2.95
197235,568901,85123A,WHITE HANGING HEART T-LIGHT HOLDER,32,9/29/2011 13:22,2.55,15050.0,United Kingdom,39,9,81.6,39.0,4.0,2.95
43540,568919,85123A,WHITE HANGING HEART T-LIGHT HOLDER,32,9/29/2011 14:38,2.55,12937.0,United Kingdom,39,9,81.6,39.0,32.0,2.55
504330,568949,85123A,WHITE HANGING HEART T-LIGHT HOLDER,2,9/29/2011 15:13,5.79,,United Kingdom,39,9,11.58,39.0,32.0,2.55
393223,569014,85123A,WHITE HANGING HEART T-LIGHT HOLDER,12,9/30/2011 9:05,2.95,18053.0,United Kingdom,39,9,35.400000000000006,39.0,2.0,5.79
65976,569037,85123A,WHITE HANGING HEART T-LIGHT HOLDER,3,9/30/2011 10:45,2.95,13263.0,United Kingdom,39,9,8.850000000000001,39.0,12.0,2.95
93352,569089,85123A,WHITE HANGING HEART T-LIGHT HOLDER,2,9/30/2011 12:03,2.95,13764.0,United Kingdom,39,9,5.9,39.0,3.0,2.95
299824,569105,85123A,WHITE HANGING HEART T-LIGHT HOLDER,2,9/30/2011 12:35,2.95,16729.0,United Kingdom,39,9,5.9,39.0,2.0,2.95
362917,569110,85123A,WHITE HANGING HEART T-LIGHT HOLDER,32,9/30/2011 12:44,2.55,17675.0,United Kingdom,39,9,81.6,39.0,2.0,2.95
194355,569129,85123A,WHITE HANGING HEART T-LIGHT HOLDER,4,9/30/2011 13:40,2.95,15034.0,United Kingdom,39,9,11.8,39.0,32.0,2.55
218135,569134,85123A,WHITE HANGING HEART T-LIGHT HOLDER,6,9/30/2011 14:07,2.95,15411.0,United Kingdom,39,9,17.700000000000003,39.0,4.0,2.95
504631,569137,85123a,WHITE HANGING HEART T-LIGHT HOLDER,2,9/30/2011 14:45,6.63,,United Kingdom,39,9,13.26,39.0,6.0,2.95
279627,569139,85123A,WHITE HANGING HEART T-LIGHT HOLDER,6,9/30/2011 14:55,2.95,16404.0,United Kingdom,39,9,17.700000000000003,39.0,2.0,6.63
38831,569147,85123A,WHITE HANGING HEART T-LIGHT HOLDER,32,9/30/2011 15:33,2.55,12842.0,United Kingdom,39,9,81.6,39.0,6.0,2.95
290935,569148,85123A,WHITE HANGING HEART T-LIGHT HOLDER,12,9/30/2011 15:52,2.95,16613.0,United Kingdom,39,9,35.400000000000006,39.0,32.0,2.55
194804,569206,85123A,WHITE HANGING HEART T-LIGHT HOLDER,2,10/2/2011 10:58,2.95,15038.0,United Kingdom,39,10,5.9,39.0,12.0,2.95
242387,569211,85123A,WHITE HANGING HEART T-LIGHT HOLDER,4,10/2/2011 12:04,2.95,15774.0,United Kingdom,39,10,11.8,39.0,2.0,2.95
204753,569212,85123A,WHITE HANGING HEART T-LIGHT HOLDER,2,10/2/2011 12:05,2.95,15164.0,United Kingdom,39,10,5.9,39.0,4.0,2.95
229619,569216,85123A,WHITE HANGING HEART T-LIGHT HOLDER,1,10/2/2011 12:41,2.95,15555.0,United Kingdom,39,10,2.95,39.0,2.0,2.95
145358,569229,85123A,WHITE HANGING HEART T-LIGHT HOLDER,1,10/2/2011 14:56,2.95,14502.0,United Kingdom,39,10,2.95,39.0,1.0,2.95
286649,569230,85123A,WHITE HANGING HEART T-LIGHT HOLDER,3,10/2/2011 15:07,2.95,16533.0,United Kingdom,39,10,8.850000000000001,39.0,1.0,2.95
140119,569236,85123A,WHITE HANGING HEART T-LIGHT HOLDER,8,10/2/2011 15:49,2.95,14432.0,United Kingdom,39,10,23.6,39.0,3.0,2.95
113728,569246,85123A,WHITE HANGING HEART T-LIGHT HOLDER,1,10/3/2011 9:57,5.79,14096.0,United Kingdom,40,10,5.79,39.0,8.0,2.95
86368,569253,85123A,WHITE HANGING HEART T-LIGHT HOLDER,12,10/3/2011 10:55,2.95,13635.0,United Kingdom,40,10,35.400000000000006,40.0,1.0,5.79
397301,569254,85123A,WHITE HANGING HEART T-LIGHT HOLDER,3,10/3/2011 11:00,2.95,18116.0,United Kingdom,40,10,8.850000000000001,40.0,12.0,2.95
361063,569329,85123A,WHITE HANGING HEART T-LIGHT HOLDER,6,10/3/2011 13:03,2.95,17652.0,United Kingdom,40,10,17.700000000000003,40.0,3.0,2.95
505331,569374,85123A,WHITE HANGING HEART T-LIGHT HOLDER,1,10/3/2011 16:14,5.79,,United Kingdom,40,10,5.79,40.0,6.0,2.95
29814,569397,85123A,WHITE HANGING HEART T-LIGHT HOLDER,12,10/4/2011 8:26,2.95,12747.0,United Kingdom,40,10,35.400000000000006,40.0,1.0,5.79
276224,569469,85123A,WHITE HANGING HEART T-LIGHT HOLDER,2,10/4/2011 12:22,2.95,16360.0,United Kingdom,40,10,5.9,40.0,12.0,2.95
12558,569527,85123A,WHITE HANGING HEART T-LIGHT HOLDER,1,10/4/2011 14:53,2.95,12512.0,Israel,40,10,2.95,40.0,2.0,2.95
12564,569527,85123A,WHITE HANGING HEART T-LIGHT HOLDER,1,10/4/2011 14:53,2.95,12512.0,Israel,40,10,2.95,40.0,1.0,2.95
196713,569535,85123A,WHITE HANGING HEART T-LIGHT HOLDER,3,10/4/2011 15:41,2.95,15044.0,United Kingdom,40,10,8.850000000000001,40.0,1.0,2.95
505927,569545,85123A,WHITE HANGING HEART T-LIGHT HOLDER,1,10/4/2011 16:37,5.79,,United Kingdom,40,10,5.79,40.0,3.0,2.95
199983,569581,85123A,WHITE HANGING HEART T-LIGHT HOLDER,12,10/5/2011 11:16,2.95,15081.0,United Kingdom,40,10,35.400000000000006,40.0,1.0,5.79
101399,569590,85123A,WHITE HANGING HEART T-LIGHT HOLDER,6,10/5/2011 11:25,2.95,13949.0,United Kingdom,40,10,17.700000000000003,40.0,12.0,2.95
207873,569662,85123A,WHITE HANGING HEART T-LIGHT HOLDER,12,10/5/2011 13:19,2.95,15244.0,United Kingdom,40,10,35.400000000000006,40.0,6.0,2.95
259930,569668,85123A,WHITE HANGING HEART T-LIGHT HOLDER,6,10/5/2011 13:47,2.95,16040.0,United Kingdom,40,10,17.700000000000003,40.0,12.0,2.95
169542,569669,85123A,WHITE HANGING HEART T-LIGHT HOLDER,1,10/5/2011 13:47,2.95,14730.0,United Kingdom,40,10,2.95,40.0,6.0,2.95
169518,569669,85123A,WHITE HANGING HEART T-LIGHT HOLDER,1,10/5/2011 13:47,2.95,14730.0,United Kingdom,40,10,2.95,40.0,1.0,2.95
331713,569673,85123A,WHITE HANGING HEART T-LIGHT HOLDER,1,10/5/2011 13:58,2.95,17222.0,United Kingdom,40,10,2.95,40.0,1.0,2.95
137159,569702,85123A,WHITE HANGING HEART T-LIGHT HOLDER,10,10/5/2011 16:09,2.95,14396.0,United Kingdom,40,10,29.5,40.0,1.0,2.95
345484,569726,85123A,WHITE HANGING HEART T-LIGHT HOLDER,12,10/6/2011 9:36,2.95,17419.0,United Kingdom,40,10,35.400000000000006,40.0,10.0,2.95
506629,569898,85123A,WHITE HANGING HEART T-LIGHT HOLDER,1,10/6/2011 16:08,5.79,,United Kingdom,40,10,5.79,40.0,12.0,2.95
284429,570011,85123A,WHITE HANGING HEART T-LIGHT HOLDER,12,10/7/2011 9:44,2.95,16477.0,United Kingdom,40,10,35.400000000000006,40.0,1.0,5.79
184187,570016,85123A,WHITE HANGING HEART T-LIGHT HOLDER,6,10/7/2011 10:06,2.95,14911.0,EIRE,40,10,17.700000000000003,40.0,12.0,2.95
110165,570022,85123A,WHITE HANGING HEART T-LIGHT HOLDER,1,10/7/2011 10:21,2.95,14067.0,United Kingdom,40,10,2.95,40.0,6.0,2.95
302520,570088,85123A,WHITE HANGING HEART T-LIGHT HOLDER,1,10/7/2011 11:32,2.95,16764.0,United Kingdom,40,10,2.95,40.0,1.0,2.95
89531,570100,85123A,WHITE HANGING HEART T-LIGHT HOLDER,6,10/7/2011 12:12,2.95,13695.0,United Kingdom,40,10,17.700000000000003,40.0,1.0,2.95
191021,570111,85123A,WHITE HANGING HEART T-LIGHT HOLDER,4,10/7/2011 12:28,2.95,15005.0,United Kingdom,40,10,11.8,40.0,6.0,2.95
507045,570187,85123A,WHITE HANGING HEART T-LIGHT HOLDER,2,10/7/2011 15:09,5.79,,United Kingdom,40,10,11.58,40.0,4.0,2.95
313751,570200,85123A,WHITE HANGING HEART T-LIGHT HOLDER,2,10/7/2011 16:03,2.95,16918.0,United Kingdom,40,10,5.9,40.0,2.0,5.79
315954,570224,85123A,WHITE HANGING HEART T-LIGHT HOLDER,6,10/9/2011 13:15,2.95,16931.0,United Kingdom,40,10,17.700000000000003,40.0,2.0,2.95
290139,570225,85123A,WHITE HANGING HEART T-LIGHT HOLDER,2,10/9/2011 13:15,2.95,16595.0,United Kingdom,40,10,5.9,40.0,6.0,2.95
147265,570244,85123A,WHITE HANGING HEART T-LIGHT HOLDER,18,10/9/2011 16:05,2.95,14514.0,United Kingdom,40,10,53.1,40.0,2.0,2.95
507227,570258,85123a,WHITE HANGING HEART T-LIGHT HOLDER,4,10/10/2011 9:56,6.63,,United Kingdom,41,10,26.52,40.0,18.0,2.95
72089,570273,85123A,WHITE HANGING HEART T-LIGHT HOLDER,12,10/10/2011 10:51,2.95,13373.0,United Kingdom,41,10,35.400000000000006,41.0,4.0,6.63
399392,570333,85123A,WHITE HANGING HEART T-LIGHT HOLDER,1,10/10/2011 12:19,2.95,18126.0,United Kingdom,41,10,2.95,41.0,12.0,2.95
365474,570342,85123A,WHITE HANGING HEART T-LIGHT HOLDER,12,10/10/2011 12:26,2.95,17706.0,United Kingdom,41,10,35.400000000000006,41.0,1.0,2.95
63067,570429,85123A,WHITE HANGING HEART T-LIGHT HOLDER,96,10/10/2011 14:06,2.55,13225.0,United Kingdom,41,10,244.79999999999998,41.0,12.0,2.95
287227,570442,85123A,WHITE HANGING HEART T-LIGHT HOLDER,2,10/10/2011 14:37,2.95,16549.0,United Kingdom,41,10,5.9,41.0,96.0,2.55
394647,570590,85123A,WHITE HANGING HEART T-LIGHT HOLDER,24,10/11/2011 11:34,2.95,18075.0,United Kingdom,41,10,70.80000000000001,41.0,2.0,2.95
184380,570674,85123A,WHITE HANGING HEART T-LIGHT HOLDER,6,10/11/2011 14:59,2.95,14911.0,EIRE,41,10,17.700000000000003,41.0,24.0,2.95
37756,570677,85123A,WHITE HANGING HEART T-LIGHT HOLDER,12,10/11/2011 15:10,2.95,12836.0,United Kingdom,41,10,35.400000000000006,41.0,6.0,2.95
507921,570688,85123A,WHITE HANGING HEART T-LIGHT HOLDER,4,10/11/2011 16:29,2.95,,United Kingdom,41,10,11.8,41.0,12.0,2.95
270252,570796,85123A,WHITE HANGING HEART T-LIGHT HOLDER,2,10/12/2011 12:19,2.95,16241.0,United Kingdom,41,10,5.9,41.0,4.0,2.95
380444,570818,85123A,WHITE HANGING HEART T-LIGHT HOLDER,2,10/12/2011 12:47,2.95,17841.0,United Kingdom,41,10,5.9,41.0,2.0,2.95
177403,570830,85123A,WHITE HANGING HEART T-LIGHT HOLDER,6,10/12/2011 13:20,2.95,14852.0,United Kingdom,41,10,17.700000000000003,41.0,2.0,2.95
76592,570856,85123A,WHITE HANGING HEART T-LIGHT HOLDER,6,10/12/2011 15:01,2.95,13464.0,United Kingdom,41,10,17.700000000000003,41.0,6.0,2.95
508464,570871,85123A,WHITE HANGING HEART T-LIGHT HOLDER,3,10/12/2011 16:36,5.79,,United Kingdom,41,10,17.37,41.0,6.0,2.95
22809,570875,85123A,WHITE HANGING HEART T-LIGHT HOLDER,6,10/12/2011 17:00,2.95,12667.0,Finland,41,10,17.700000000000003,41.0,3.0,5.79
94423,570886,85123A,WHITE HANGING HEART T-LIGHT HOLDER,192,10/13/2011 10:23,2.55,13777.0,United Kingdom,41,10,489.59999999999997,41.0,6.0,2.95
328929,570887,85123A,WHITE HANGING HEART T-LIGHT HOLDER,6,10/13/2011 10:25,2.95,17169.0,United Kingdom,41,10,17.700000000000003,41.0,192.0,2.55
323210,571008,85123A,WHITE HANGING HEART T-LIGHT HOLDER,12,10/13/2011 12:07,2.95,17063.0,United Kingdom,41,10,35.400000000000006,41.0,6.0,2.95
303387,571028,85123A,WHITE HANGING HEART T-LIGHT HOLDER,2,10/13/2011 12:21,2.95,16770.0,United Kingdom,41,10,5.9,41.0,12.0,2.95
191044,571031,85123A,WHITE HANGING HEART T-LIGHT HOLDER,3,10/13/2011 12:30,2.95,15005.0,United Kingdom,41,10,8.850000000000001,41.0,2.0,2.95
96497,571032,85123A,WHITE HANGING HEART T-LIGHT HOLDER,1,10/13/2011 12:38,2.95,13827.0,United Kingdom,41,10,2.95,41.0,3.0,2.95
263653,571039,85123A,WHITE HANGING HEART T-LIGHT HOLDER,2,10/13/2011 12:59,2.95,16121.0,United Kingdom,41,10,5.9,41.0,1.0,2.95
303686,571062,85123A,WHITE HANGING HEART T-LIGHT HOLDER,5,10/13/2011 14:37,2.95,16773.0,United Kingdom,41,10,14.75,41.0,2.0,2.95
303892,571081,85123A,WHITE HANGING HEART T-LIGHT HOLDER,3,10/13/2011 15:23,2.95,16775.0,United Kingdom,41,10,8.850000000000001,41.0,5.0,2.95
380541,571098,85123A,WHITE HANGING HEART T-LIGHT HOLDER,4,10/13/2011 15:38,2.95,17841.0,United Kingdom,41,10,11.8,41.0,3.0,2.95
380552,571098,85123A,WHITE HANGING HEART T-LIGHT HOLDER,2,10/13/2011 15:38,2.95,17841.0,United Kingdom,41,10,5.9,41.0,4.0,2.95
152264,571108,85123A,WHITE HANGING HEART T-LIGHT HOLDER,11,10/13/2011 16:24,2.95,14555.0,United Kingdom,41,10,32.45,41.0,2.0,2.95
317657,571120,85123A,WHITE HANGING HEART T-LIGHT HOLDER,64,10/14/2011 9:06,2.55,16950.0,United Kingdom,41,10,163.2,41.0,11.0,2.95
187386,571202,85123A,WHITE HANGING HEART T-LIGHT HOLDER,72,10/14/2011 12:29,2.95,14937.0,Channel Islands,41,10,212.4,41.0,64.0,2.55
261733,571216,85123A,WHITE HANGING HEART T-LIGHT HOLDER,3,10/14/2011 13:06,2.95,16081.0,United Kingdom,41,10,8.850000000000001,41.0,72.0,2.95
202222,571228,85123A,WHITE HANGING HEART T-LIGHT HOLDER,12,10/14/2011 14:00,2.95,15132.0,United Kingdom,41,10,35.400000000000006,41.0,3.0,2.95
220896,571229,85123A,WHITE HANGING HEART T-LIGHT HOLDER,1,10/14/2011 14:04,2.95,15453.0,United Kingdom,41,10,2.95,41.0,12.0,2.95
247539,571231,85123A,WHITE HANGING HEART T-LIGHT HOLDER,32,10/14/2011 14:22,2.55,15856.0,United Kingdom,41,10,81.6,41.0,1.0,2.95
509284,571257,85123A,WHITE HANGING HEART T-LIGHT HOLDER,3,10/14/2011 17:17,5.79,,United Kingdom,41,10,17.37,41.0,32.0,2.55
316319,571274,85123A,WHITE HANGING HEART T-LIGHT HOLDER,12,10/16/2011 12:25,2.95,16934.0,United Kingdom,41,10,35.400000000000006,41.0,3.0,5.79
283489,571279,85123A,WHITE HANGING HEART T-LIGHT HOLDER,9,10/16/2011 12:54,2.95,16466.0,United Kingdom,41,10,26.55,41.0,12.0,2.95
286760,571283,85123A,WHITE HANGING HEART T-LIGHT HOLDER,3,10/16/2011 13:51,2.95,16533.0,United Kingdom,41,10,8.850000000000001,41.0,9.0,2.95
151420,571286,85123A,WHITE HANGING HEART T-LIGHT HOLDER,6,10/16/2011 14:35,2.95,14547.0,United Kingdom,41,10,17.700000000000003,41.0,3.0,2.95
201108,571289,85123A,WHITE HANGING HEART T-LIGHT HOLDER,25,10/16/2011 15:27,2.95,15113.0,United Kingdom,41,10,73.75,41.0,6.0,2.95
121722,571314,85123A,WHITE HANGING HEART T-LIGHT HOLDER,32,10/17/2011 10:43,2.55,14156.0,EIRE,42,10,81.6,41.0,25.0,2.95
351765,571404,85123A,WHITE HANGING HEART T-LIGHT HOLDER,6,10/17/2011 12:04,2.95,17520.0,United Kingdom,42,10,17.700000000000003,42.0,32.0,2.55
280184,571418,85123A,WHITE HANGING HEART T-LIGHT HOLDER,5,10/17/2011 12:35,2.95,16412.0,United Kingdom,42,10,14.75,42.0,6.0,2.95
184630,571425,85123A,WHITE HANGING HEART T-LIGHT HOLDER,6,10/17/2011 12:41,2.95,14911.0,EIRE,42,10,17.700000000000003,42.0,5.0,2.95
114459,571441,85123A,WHITE HANGING HEART T-LIGHT HOLDER,1,10/17/2011 13:31,5.79,14096.0,United Kingdom,42,10,5.79,42.0,6.0,2.95
316213,571461,85123A,WHITE HANGING HEART T-LIGHT HOLDER,1,10/17/2011 14:12,2.95,16932.0,United Kingdom,42,10,2.95,42.0,1.0,5.79
316222,571461,85123A,WHITE HANGING HEART T-LIGHT HOLDER,2,10/17/2011 14:12,2.95,16932.0,United Kingdom,42,10,5.9,42.0,1.0,2.95
316239,571461,85123A,WHITE HANGING HEART T-LIGHT HOLDER,3,10/17/2011 14:12,2.95,16932.0,United Kingdom,42,10,8.850000000000001,42.0,2.0,2.95
139497,571502,85123A,WHITE HANGING HEART T-LIGHT HOLDER,6,10/17/2011 15:18,2.95,14422.0,United Kingdom,42,10,17.700000000000003,42.0,3.0,2.95
509950,571508,85123A,WHITE HANGING HEART T-LIGHT HOLDER,1,10/17/2011 15:27,5.79,,United Kingdom,42,10,5.79,42.0,6.0,2.95
231859,571511,85123A,WHITE HANGING HEART T-LIGHT HOLDER,6,10/17/2011 16:04,2.95,15598.0,United Kingdom,42,10,17.700000000000003,42.0,1.0,5.79
282833,571555,85123A,WHITE HANGING HEART T-LIGHT HOLDER,6,10/18/2011 9:15,2.95,16458.0,United Kingdom,42,10,17.700000000000003,42.0,6.0,2.95
271013,571563,85123A,WHITE HANGING HEART T-LIGHT HOLDER,6,10/18/2011 10:07,2.95,16249.0,United Kingdom,42,10,17.700000000000003,42.0,6.0,2.95
398394,571654,85123A,WHITE HANGING HEART T-LIGHT HOLDER,1,10/18/2011 12:17,2.95,18118.0,United Kingdom,42,10,2.95,42.0,6.0,2.95
35648,571697,85123A,WHITE HANGING HEART T-LIGHT HOLDER,6,10/18/2011 14:49,2.95,12759.0,Netherlands,42,10,17.700000000000003,42.0,1.0,2.95
510325,571713,85123A,WHITE HANGING HEART T-LIGHT HOLDER,2,10/18/2011 16:58,5.79,,United Kingdom,42,10,11.58,42.0,6.0,2.95
510959,571797,85123a,WHITE HANGING HEART T-LIGHT HOLDER,3,10/19/2011 11:41,6.63,,United Kingdom,42,10,19.89,42.0,2.0,5.79
281835,571828,85123A,WHITE HANGING HEART T-LIGHT HOLDER,6,10/19/2011 11:52,2.95,16440.0,United Kingdom,42,10,17.700000000000003,42.0,3.0,6.63
359475,571841,85123A,WHITE HANGING HEART T-LIGHT HOLDER,2,10/19/2011 12:21,2.95,17625.0,United Kingdom,42,10,5.9,42.0,6.0,2.95
1637,571905,85123A,WHITE HANGING HEART T-LIGHT HOLDER,30,10/19/2011 14:51,2.95,12370.0,Cyprus,42,10,88.5,42.0,2.0,2.95
511141,571931,85123A,WHITE HANGING HEART T-LIGHT HOLDER,1,10/19/2011 16:59,5.79,,United Kingdom,42,10,5.79,42.0,30.0,2.95
15596,572065,85123A,WHITE HANGING HEART T-LIGHT HOLDER,8,10/20/2011 13:06,2.95,12556.0,Spain,42,10,23.6,42.0,1.0,5.79
202142,572091,85123A,WHITE HANGING HEART T-LIGHT HOLDER,18,10/20/2011 14:40,2.95,15129.0,United Kingdom,42,10,53.1,42.0,8.0,2.95
398465,572192,85123A,WHITE HANGING HEART T-LIGHT HOLDER,3,10/21/2011 11:30,2.95,18118.0,United Kingdom,42,10,8.850000000000001,42.0,18.0,2.95
257186,572216,85123A,WHITE HANGING HEART T-LIGHT HOLDER,2,10/21/2011 12:56,2.95,16015.0,United Kingdom,42,10,5.9,42.0,3.0,2.95
348462,572219,85123A,WHITE HANGING HEART T-LIGHT HOLDER,2,10/21/2011 13:17,2.95,17463.0,United Kingdom,42,10,5.9,42.0,2.0,2.95
90296,572240,85123A,WHITE HANGING HEART T-LIGHT HOLDER,6,10/21/2011 15:18,2.95,13709.0,United Kingdom,42,10,17.700000000000003,42.0,2.0,2.95
330508,572281,85123A,WHITE HANGING HEART T-LIGHT HOLDER,6,10/23/2011 11:10,2.95,17211.0,United Kingdom,42,10,17.700000000000003,42.0,6.0,2.95
94635,572289,85123A,WHITE HANGING HEART T-LIGHT HOLDER,2,10/23/2011 12:37,2.95,13782.0,United Kingdom,42,10,5.9,42.0,6.0,2.95
315968,572291,85123A,WHITE HANGING HEART T-LIGHT HOLDER,6,10/23/2011 12:46,2.95,16931.0,United Kingdom,42,10,17.700000000000003,42.0,2.0,2.95
252604,572297,85123A,WHITE HANGING HEART T-LIGHT HOLDER,32,10/23/2011 14:30,2.55,15953.0,United Kingdom,42,10,81.6,42.0,6.0,2.95
396752,572303,85123A,WHITE HANGING HEART T-LIGHT HOLDER,3,10/23/2011 14:56,2.95,18109.0,United Kingdom,42,10,8.850000000000001,42.0,32.0,2.55
327220,572304,85123A,WHITE HANGING HEART T-LIGHT HOLDER,4,10/23/2011 15:07,2.95,17131.0,United Kingdom,42,10,11.8,42.0,3.0,2.95
380856,572306,85123A,WHITE HANGING HEART T-LIGHT HOLDER,2,10/23/2011 15:11,2.95,17841.0,United Kingdom,42,10,5.9,42.0,4.0,2.95
140227,572309,85123A,WHITE HANGING HEART T-LIGHT HOLDER,8,10/23/2011 15:29,2.95,14432.0,United Kingdom,42,10,23.6,42.0,2.0,2.95
233823,572399,85123A,WHITE HANGING HEART T-LIGHT HOLDER,6,10/24/2011 11:56,2.95,15628.0,United Kingdom,43,10,17.700000000000003,42.0,8.0,2.95
184914,572459,85123A,WHITE HANGING HEART T-LIGHT HOLDER,60,10/24/2011 12:53,2.55,14911.0,EIRE,43,10,153.0,43.0,6.0,2.95
339927,572461,85123A,WHITE HANGING HEART T-LIGHT HOLDER,1,10/24/2011 12:56,2.95,17344.0,United Kingdom,43,10,2.95,43.0,60.0,2.55
114813,572552,85123A,WHITE HANGING HEART T-LIGHT HOLDER,2,10/24/2011 17:07,5.79,14096.0,United Kingdom,43,10,11.58,43.0,1.0,2.95
512328,572553,85123A,WHITE HANGING HEART T-LIGHT HOLDER,7,10/24/2011 17:09,5.79,,United Kingdom,43,10,40.53,43.0,2.0,5.79
287376,572669,85123A,WHITE HANGING HEART T-LIGHT HOLDER,4,10/25/2011 13:10,2.95,16549.0,United Kingdom,43,10,11.8,43.0,7.0,5.79
233885,572735,85123A,WHITE HANGING HEART T-LIGHT HOLDER,6,10/25/2011 15:36,2.95,15630.0,United Kingdom,43,10,17.700000000000003,43.0,4.0,2.95
66176,572746,85123A,WHITE HANGING HEART T-LIGHT HOLDER,2,10/25/2011 16:30,2.95,13263.0,United Kingdom,43,10,5.9,43.0,6.0,2.95
84822,572755,85123A,WHITE HANGING HEART T-LIGHT HOLDER,3,10/25/2011 17:31,2.95,13601.0,United Kingdom,43,10,8.850000000000001,43.0,2.0,2.95
512725,572758,85123A,WHITE HANGING HEART T-LIGHT HOLDER,1,10/25/2011 18:39,5.79,,United Kingdom,43,10,5.79,43.0,3.0,2.95
261347,572811,85123A,WHITE HANGING HEART T-LIGHT HOLDER,6,10/26/2011 11:14,2.95,16071.0,United Kingdom,43,10,17.700000000000003,43.0,1.0,5.79
512815,572897,85123a,WHITE HANGING HEART T-LIGHT HOLDER,3,10/26/2011 14:42,6.63,,United Kingdom,43,10,19.89,43.0,6.0,2.95
254477,572913,85123A,WHITE HANGING HEART T-LIGHT HOLDER,4,10/26/2011 16:21,2.95,15993.0,United Kingdom,43,10,11.8,43.0,3.0,6.63
135784,572918,85123A,WHITE HANGING HEART T-LIGHT HOLDER,6,10/26/2011 16:43,2.95,14379.0,United Kingdom,43,10,17.700000000000003,43.0,4.0,2.95
135807,572918,85123A,WHITE HANGING HEART T-LIGHT HOLDER,1,10/26/2011 16:43,2.95,14379.0,United Kingdom,43,10,2.95,43.0,6.0,2.95
358835,572930,85123A,WHITE HANGING HEART T-LIGHT HOLDER,12,10/27/2011 10:01,2.95,17613.0,United Kingdom,43,10,35.400000000000006,43.0,1.0,2.95
403616,573027,85123A,WHITE HANGING HEART T-LIGHT HOLDER,24,10/27/2011 13:26,2.95,18225.0,United Kingdom,43,10,70.80000000000001,43.0,12.0,2.95
78264,573076,85123A,WHITE HANGING HEART T-LIGHT HOLDER,6,10/27/2011 14:05,2.95,13488.0,United Kingdom,43,10,17.700000000000003,43.0,24.0,2.95
329036,573082,85123A,WHITE HANGING HEART T-LIGHT HOLDER,36,10/27/2011 14:21,2.55,17173.0,United Kingdom,43,10,91.8,43.0,6.0,2.95
147899,573116,85123A,WHITE HANGING HEART T-LIGHT HOLDER,32,10/27/2011 15:49,2.55,14525.0,United Kingdom,43,10,81.6,43.0,36.0,2.55
513147,573137,85123A,WHITE HANGING HEART T-LIGHT HOLDER,1,10/27/2011 17:15,5.79,,United Kingdom,43,10,5.79,43.0,32.0,2.55
402983,573145,85123A,WHITE HANGING HEART T-LIGHT HOLDER,6,10/27/2011 18:02,2.95,18219.0,United Kingdom,43,10,17.700000000000003,43.0,1.0,5.79
126721,573171,85123A,WHITE HANGING HEART T-LIGHT HOLDER,6,10/28/2011 10:00,2.95,14218.0,United Kingdom,43,10,17.700000000000003,43.0,6.0,2.95
345316,573270,85123A,WHITE HANGING HEART T-LIGHT HOLDER,6,10/28/2011 13:00,2.95,17418.0,United Kingdom,43,10,17.700000000000003,43.0,6.0,2.95
262583,573279,85123A,WHITE HANGING HEART T-LIGHT HOLDER,64,10/28/2011 13:22,2.55,16107.0,United Kingdom,43,10,163.2,43.0,6.0,2.95
513284,573286,85123A,WHITE HANGING HEART T-LIGHT HOLDER,2,10/28/2011 14:38,2.95,,Switzerland,43,10,5.9,43.0,64.0,2.55
513306,573286,85123A,WHITE HANGING HEART T-LIGHT HOLDER,4,10/28/2011 14:38,2.95,,Switzerland,43,10,11.8,43.0,2.0,2.95
260316,573300,85123A,WHITE HANGING HEART T-LIGHT HOLDER,1,10/28/2011 16:10,2.95,16049.0,United Kingdom,43,10,2.95,43.0,4.0,2.95
374789,573305,85123A,WHITE HANGING HEART T-LIGHT HOLDER,5,10/28/2011 16:13,2.95,17837.0,United Kingdom,43,10,14.75,43.0,1.0,2.95
110317,573311,85123A,WHITE HANGING HEART T-LIGHT HOLDER,2,10/28/2011 16:45,2.95,14071.0,United Kingdom,43,10,5.9,43.0,5.0,2.95
238126,573323,85123A,WHITE HANGING HEART T-LIGHT HOLDER,14,10/30/2011 10:54,2.95,15708.0,United Kingdom,43,10,41.300000000000004,43.0,2.0,2.95
314719,573330,85123A,WHITE HANGING HEART T-LIGHT HOLDER,4,10/30/2011 11:22,2.95,16923.0,United Kingdom,43,10,11.8,43.0,14.0,2.95
151257,573338,85123A,WHITE HANGING HEART T-LIGHT HOLDER,4,10/30/2011 11:47,2.95,14546.0,United Kingdom,43,10,11.8,43.0,4.0,2.95
122936,573340,85123A,WHITE HANGING HEART T-LIGHT HOLDER,2,10/30/2011 11:55,2.95,14159.0,United Kingdom,43,10,5.9,43.0,4.0,2.95
80488,573351,85123A,WHITE HANGING HEART T-LIGHT HOLDER,12,10/30/2011 12:34,2.95,13524.0,United Kingdom,43,10,35.400000000000006,43.0,2.0,2.95
17643,573365,85123A,WHITE HANGING HEART T-LIGHT HOLDER,12,10/30/2011 13:13,2.95,12584.0,Italy,43,10,35.400000000000006,43.0,12.0,2.95
165039,573373,85123A,WHITE HANGING HEART T-LIGHT HOLDER,3,10/30/2011 13:37,2.95,14684.0,United Kingdom,43,10,8.850000000000001,43.0,12.0,2.95
171165,573374,85123A,WHITE HANGING HEART T-LIGHT HOLDER,12,10/30/2011 13:39,2.95,14755.0,United Kingdom,43,10,35.400000000000006,43.0,3.0,2.95
74171,573385,85123A,WHITE HANGING HEART T-LIGHT HOLDER,32,10/30/2011 14:21,2.55,13421.0,United Kingdom,43,10,81.6,43.0,12.0,2.95
217300,573395,85123A,WHITE HANGING HEART T-LIGHT HOLDER,12,10/30/2011 15:11,2.95,15385.0,United Kingdom,43,10,35.400000000000006,43.0,32.0,2.55
168997,573396,85123A,WHITE HANGING HEART T-LIGHT HOLDER,2,10/30/2011 15:13,2.95,14723.0,United Kingdom,43,10,5.9,43.0,12.0,2.95
169012,573396,85123A,WHITE HANGING HEART T-LIGHT HOLDER,1,10/30/2011 15:13,2.95,14723.0,United Kingdom,43,10,2.95,43.0,2.0,2.95
96291,573405,85123A,WHITE HANGING HEART T-LIGHT HOLDER,3,10/30/2011 15:55,2.95,13822.0,United Kingdom,43,10,8.850000000000001,43.0,1.0,2.95
267589,573408,85123A,WHITE HANGING HEART T-LIGHT HOLDER,12,10/30/2011 15:59,2.95,16190.0,United Kingdom,43,10,35.400000000000006,43.0,3.0,2.95
84935,573415,85123A,WHITE HANGING HEART T-LIGHT HOLDER,3,10/30/2011 16:17,2.95,13607.0,United Kingdom,43,10,8.850000000000001,43.0,12.0,2.95
243265,573483,85123A,WHITE HANGING HEART T-LIGHT HOLDER,32,10/31/2011 11:32,2.55,15793.0,United Kingdom,44,10,81.6,43.0,3.0,2.95
381059,573496,85123A,WHITE HANGING HEART T-LIGHT HOLDER,4,10/31/2011 11:59,2.95,17841.0,United Kingdom,44,10,11.8,44.0,32.0,2.55
370870,573543,85123A,WHITE HANGING HEART T-LIGHT HOLDER,2,10/31/2011 13:05,2.95,17777.0,United Kingdom,44,10,5.9,44.0,4.0,2.95
370855,573543,85123A,WHITE HANGING HEART T-LIGHT HOLDER,2,10/31/2011 13:05,2.95,17777.0,United Kingdom,44,10,5.9,44.0,2.0,2.95
88570,573548,85123A,WHITE HANGING HEART T-LIGHT HOLDER,6,10/31/2011 13:22,2.95,13680.0,United Kingdom,44,10,17.700000000000003,44.0,2.0,2.95
513554,573553,85123a,WHITE HANGING HEART T-LIGHT HOLDER,2,10/31/2011 13:48,6.63,,United Kingdom,44,10,13.26,44.0,6.0,2.95
114852,573576,85123A,WHITE HANGING HEART T-LIGHT HOLDER,2,10/31/2011 14:09,5.79,14096.0,United Kingdom,44,10,11.58,44.0,2.0,6.63
295946,573584,85123A,WHITE HANGING HEART T-LIGHT HOLDER,32,10/31/2011 14:36,2.55,16705.0,United Kingdom,44,10,81.6,44.0,2.0,5.79
514709,573585,85123A,WHITE HANGING HEART T-LIGHT HOLDER,5,10/31/2011 14:41,5.79,,United Kingdom,44,10,28.95,44.0,32.0,2.55
514887,573601,85123a,WHITE HANGING HEART T-LIGHT HOLDER,1,10/31/2011 15:24,6.63,,United Kingdom,44,10,6.63,44.0,5.0,5.79
103457,573665,85123A,WHITE HANGING HEART T-LIGHT HOLDER,32,10/31/2011 16:24,2.55,13982.0,United Kingdom,44,10,81.6,44.0,1.0,6.63
192991,573695,85123A,WHITE HANGING HEART T-LIGHT HOLDER,32,10/31/2011 17:13,2.55,15023.0,United Kingdom,44,10,81.6,44.0,32.0,2.55
139235,573808,85123A,WHITE HANGING HEART T-LIGHT HOLDER,6,11/1/2011 11:29,2.95,14419.0,United Kingdom,44,11,17.700000000000003,44.0,32.0,2.55
307783,573829,85123A,WHITE HANGING HEART T-LIGHT HOLDER,6,11/1/2011 11:35,2.95,16830.0,United Kingdom,44,11,17.700000000000003,44.0,6.0,2.95
189599,573841,85123A,WHITE HANGING HEART T-LIGHT HOLDER,2,11/1/2011 11:39,2.95,14995.0,United Kingdom,44,11,5.9,44.0,6.0,2.95
140296,573877,85123A,WHITE HANGING HEART T-LIGHT HOLDER,12,11/1/2011 13:04,2.95,14432.0,United Kingdom,44,11,35.400000000000006,44.0,2.0,2.95
196205,573879,85123A,WHITE HANGING HEART T-LIGHT HOLDER,2,11/1/2011 13:21,2.95,15039.0,United Kingdom,44,11,5.9,44.0,12.0,2.95
83196,573889,85123A,WHITE HANGING HEART T-LIGHT HOLDER,2,11/1/2011 13:44,2.95,13571.0,United Kingdom,44,11,5.9,44.0,2.0,2.95
146404,573904,85123A,WHITE HANGING HEART T-LIGHT HOLDER,5,11/1/2011 14:54,2.95,14505.0,United Kingdom,44,11,14.75,44.0,2.0,2.95
318190,573905,85123A,WHITE HANGING HEART T-LIGHT HOLDER,2,11/1/2011 15:06,2.95,16971.0,United Kingdom,44,11,5.9,44.0,5.0,2.95
354655,573918,85123A,WHITE HANGING HEART T-LIGHT HOLDER,2,11/1/2011 17:20,2.95,17576.0,United Kingdom,44,11,5.9,44.0,2.0,2.95
126556,573955,85123A,WHITE HANGING HEART T-LIGHT HOLDER,6,11/2/2011 10:51,2.95,14216.0,United Kingdom,44,11,17.700000000000003,44.0,2.0,2.95
240983,574009,85123A,WHITE HANGING HEART T-LIGHT HOLDER,3,11/2/2011 11:49,2.95,15750.0,United Kingdom,44,11,8.850000000000001,44.0,6.0,2.95
277165,574043,85123A,WHITE HANGING HEART T-LIGHT HOLDER,5,11/2/2011 13:13,2.95,16367.0,United Kingdom,44,11,14.75,44.0,3.0,2.95
286464,574055,85123A,WHITE HANGING HEART T-LIGHT HOLDER,32,11/2/2011 14:08,2.55,16525.0,United Kingdom,44,11,81.6,44.0,5.0,2.95
363008,574062,85123A,WHITE HANGING HEART T-LIGHT HOLDER,32,11/2/2011 14:30,2.55,17675.0,United Kingdom,44,11,81.6,44.0,32.0,2.55
515326,574074,85123A,WHITE HANGING HEART T-LIGHT HOLDER,2,11/2/2011 15:33,5.79,,United Kingdom,44,11,11.58,44.0,32.0,2.55
60109,574247,85123A,WHITE HANGING HEART T-LIGHT HOLDER,6,11/3/2011 12:56,2.95,13168.0,United Kingdom,44,11,17.700000000000003,44.0,2.0,5.79
347652,574285,85123A,WHITE HANGING HEART T-LIGHT HOLDER,224,11/3/2011 15:01,3.2,17450.0,United Kingdom,44,11,716.8000000000001,44.0,6.0,2.95
347657,574293,85123A,WHITE HANGING HEART T-LIGHT HOLDER,992,11/3/2011 15:32,3.2,17450.0,United Kingdom,44,11,3174.4,44.0,224.0,3.2
290337,574297,85123A,WHITE HANGING HEART T-LIGHT HOLDER,6,11/3/2011 15:54,2.95,16602.0,United Kingdom,44,11,17.700000000000003,44.0,992.0,3.2
516048,574298,85123A,WHITE HANGING HEART T-LIGHT HOLDER,2,11/3/2011 15:56,5.79,,United Kingdom,44,11,11.58,44.0,6.0,2.95
139928,574304,85123A,WHITE HANGING HEART T-LIGHT HOLDER,3,11/3/2011 16:30,2.95,14428.0,United Kingdom,44,11,8.850000000000001,44.0,2.0,5.79
234602,574311,85123A,WHITE HANGING HEART T-LIGHT HOLDER,32,11/3/2011 16:56,2.55,15640.0,United Kingdom,44,11,81.6,44.0,3.0,2.95
51956,574328,85123A,WHITE HANGING HEART T-LIGHT HOLDER,32,11/4/2011 9:05,2.55,13081.0,United Kingdom,44,11,81.6,44.0,32.0,2.55
75208,574342,85123A,WHITE HANGING HEART T-LIGHT HOLDER,6,11/4/2011 10:10,2.95,13447.0,United Kingdom,44,11,17.700000000000003,44.0,32.0,2.55
68995,574393,85123A,WHITE HANGING HEART T-LIGHT HOLDER,6,11/4/2011 11:06,2.95,13313.0,United Kingdom,44,11,17.700000000000003,44.0,6.0,2.95
398892,574444,85123A,WHITE HANGING HEART T-LIGHT HOLDER,6,11/4/2011 11:41,2.95,18122.0,United Kingdom,44,11,17.700000000000003,44.0,6.0,2.95
220937,574477,85123A,WHITE HANGING HEART T-LIGHT HOLDER,3,11/4/2011 12:21,2.95,15453.0,United Kingdom,44,11,8.850000000000001,44.0,6.0,2.95
256834,574509,85123A,WHITE HANGING HEART T-LIGHT HOLDER,3,11/4/2011 13:25,2.95,16012.0,United Kingdom,44,11,8.850000000000001,44.0,3.0,2.95
304659,574528,85123A,WHITE HANGING HEART T-LIGHT HOLDER,6,11/4/2011 14:03,2.95,16782.0,United Kingdom,44,11,17.700000000000003,44.0,3.0,2.95
236312,574532,85123A,WHITE HANGING HEART T-LIGHT HOLDER,12,11/4/2011 14:19,2.95,15676.0,United Kingdom,44,11,35.400000000000006,44.0,6.0,2.95
381220,574547,85123A,WHITE HANGING HEART T-LIGHT HOLDER,1,11/4/2011 15:08,2.95,17841.0,United Kingdom,44,11,2.95,44.0,12.0,2.95
11471,574550,85123A,WHITE HANGING HEART T-LIGHT HOLDER,4,11/4/2011 15:18,2.95,12484.0,Spain,44,11,11.8,44.0,1.0,2.95
361121,574557,85123A,WHITE HANGING HEART T-LIGHT HOLDER,6,11/4/2011 15:35,2.95,17652.0,United Kingdom,44,11,17.700000000000003,44.0,4.0,2.95
187293,574587,85123A,WHITE HANGING HEART T-LIGHT HOLDER,12,11/6/2011 10:29,2.95,14936.0,Channel Islands,44,11,35.400000000000006,44.0,6.0,2.95
283507,574655,85123A,WHITE HANGING HEART T-LIGHT HOLDER,12,11/6/2011 11:35,2.95,16466.0,United Kingdom,44,11,35.400000000000006,44.0,12.0,2.95
217912,574660,85123A,WHITE HANGING HEART T-LIGHT HOLDER,3,11/6/2011 11:55,2.95,15407.0,United Kingdom,44,11,8.850000000000001,44.0,12.0,2.95
229755,574673,85123A,WHITE HANGING HEART T-LIGHT HOLDER,3,11/6/2011 12:26,2.95,15555.0,United Kingdom,44,11,8.850000000000001,44.0,3.0,2.95
335924,574675,85123A,WHITE HANGING HEART T-LIGHT HOLDER,7,11/6/2011 12:31,2.95,17289.0,United Kingdom,44,11,20.650000000000002,44.0,3.0,2.95
237096,574704,85123A,WHITE HANGING HEART T-LIGHT HOLDER,10,11/6/2011 14:02,2.95,15696.0,United Kingdom,44,11,29.5,44.0,7.0,2.95
145409,574722,85123A,WHITE HANGING HEART T-LIGHT HOLDER,1,11/6/2011 14:45,2.95,14502.0,United Kingdom,44,11,2.95,44.0,10.0,2.95
327248,574736,85123A,WHITE HANGING HEART T-LIGHT HOLDER,32,11/6/2011 15:43,2.55,17131.0,United Kingdom,44,11,81.6,44.0,1.0,2.95
32565,574738,85123A,WHITE HANGING HEART T-LIGHT HOLDER,6,11/6/2011 16:01,2.95,12748.0,United Kingdom,44,11,17.700000000000003,44.0,32.0,2.55
290914,574744,85123A,WHITE HANGING HEART T-LIGHT HOLDER,6,11/7/2011 7:38,2.95,16612.0,United Kingdom,45,11,17.700000000000003,44.0,6.0,2.95
346441,574754,85123A,WHITE HANGING HEART T-LIGHT HOLDER,6,11/7/2011 9:24,2.95,17430.0,United Kingdom,45,11,17.700000000000003,45.0,6.0,2.95
516826,574856,85123a,WHITE HANGING HEART T-LIGHT HOLDER,3,11/7/2011 12:06,6.63,,United Kingdom,45,11,19.89,45.0,6.0,2.95
239344,574863,85123A,WHITE HANGING HEART T-LIGHT HOLDER,5,11/7/2011 12:29,2.95,15719.0,United Kingdom,45,11,14.75,45.0,3.0,6.63
136191,574864,85123A,WHITE HANGING HEART T-LIGHT HOLDER,2,11/7/2011 12:29,2.95,14387.0,United Kingdom,45,11,5.9,45.0,5.0,2.95
392363,574893,85123A,WHITE HANGING HEART T-LIGHT HOLDER,4,11/7/2011 14:40,2.95,18036.0,United Kingdom,45,11,11.8,45.0,2.0,2.95
270547,574898,85123A,WHITE HANGING HEART T-LIGHT HOLDER,8,11/7/2011 15:07,2.95,16242.0,United Kingdom,45,11,23.6,45.0,4.0,2.95
185117,574938,85123A,WHITE HANGING HEART T-LIGHT HOLDER,64,11/7/2011 17:15,2.55,14911.0,EIRE,45,11,163.2,45.0,8.0,2.95
335986,575041,85123A,WHITE HANGING HEART T-LIGHT HOLDER,4,11/8/2011 12:01,2.95,17289.0,United Kingdom,45,11,11.8,45.0,64.0,2.55
196227,575046,85123A,WHITE HANGING HEART T-LIGHT HOLDER,32,11/8/2011 12:09,2.55,15039.0,United Kingdom,45,11,81.6,45.0,4.0,2.95
292004,575076,85123A,WHITE HANGING HEART T-LIGHT HOLDER,12,11/8/2011 13:20,2.95,16639.0,United Kingdom,45,11,35.400000000000006,45.0,32.0,2.55
291113,575086,85123A,WHITE HANGING HEART T-LIGHT HOLDER,12,11/8/2011 13:52,2.95,16618.0,United Kingdom,45,11,35.400000000000006,45.0,12.0,2.95
287441,575087,85123A,WHITE HANGING HEART T-LIGHT HOLDER,5,11/8/2011 13:57,2.95,16549.0,United Kingdom,45,11,14.75,45.0,12.0,2.95
287458,575087,85123A,WHITE HANGING HEART T-LIGHT HOLDER,1,11/8/2011 13:57,2.95,16549.0,United Kingdom,45,11,2.95,45.0,5.0,2.95
67802,575088,85123A,WHITE HANGING HEART T-LIGHT HOLDER,6,11/8/2011 14:00,2.95,13272.0,United Kingdom,45,11,17.700000000000003,45.0,1.0,2.95
517721,575138,85123a,WHITE HANGING HEART T-LIGHT HOLDER,14,11/8/2011 15:24,6.63,,United Kingdom,45,11,92.82,45.0,6.0,2.95
309177,575139,85123A,WHITE HANGING HEART T-LIGHT HOLDER,6,11/8/2011 15:26,2.95,16863.0,United Kingdom,45,11,17.700000000000003,45.0,14.0,6.63
86674,575143,85123A,WHITE HANGING HEART T-LIGHT HOLDER,6,11/8/2011 15:37,2.95,13643.0,United Kingdom,45,11,17.700000000000003,45.0,6.0,2.95
97987,575148,85123A,WHITE HANGING HEART T-LIGHT HOLDER,6,11/8/2011 15:48,2.95,13867.0,United Kingdom,45,11,17.700000000000003,45.0,6.0,2.95
402827,575164,85123A,WHITE HANGING HEART T-LIGHT HOLDER,6,11/8/2011 16:55,2.95,18216.0,United Kingdom,45,11,17.700000000000003,45.0,6.0,2.95
518631,575177,85123A,WHITE HANGING HEART T-LIGHT HOLDER,1,11/8/2011 18:41,5.79,,United Kingdom,45,11,5.79,45.0,6.0,2.95
268558,575213,85123A,WHITE HANGING HEART T-LIGHT HOLDER,32,11/9/2011 10:47,2.55,16210.0,United Kingdom,45,11,81.6,45.0,1.0,5.79
396772,575215,85123A,WHITE HANGING HEART T-LIGHT HOLDER,3,11/9/2011 11:04,2.95,18109.0,United Kingdom,45,11,8.850000000000001,45.0,32.0,2.55
351071,575219,85123A,WHITE HANGING HEART T-LIGHT HOLDER,64,11/9/2011 11:17,2.55,17511.0,United Kingdom,45,11,163.2,45.0,3.0,2.95
202318,575297,85123A,WHITE HANGING HEART T-LIGHT HOLDER,6,11/9/2011 12:26,2.95,15134.0,United Kingdom,45,11,17.700000000000003,45.0,64.0,2.55
381430,575298,85123A,WHITE HANGING HEART T-LIGHT HOLDER,2,11/9/2011 12:29,2.95,17841.0,United Kingdom,45,11,5.9,45.0,6.0,2.95
128084,575324,85123A,WHITE HANGING HEART T-LIGHT HOLDER,6,11/9/2011 13:45,2.95,14240.0,United Kingdom,45,11,17.700000000000003,45.0,2.0,2.95
142354,575583,85123A,WHITE HANGING HEART T-LIGHT HOLDER,2,11/10/2011 11:55,2.95,14456.0,United Kingdom,45,11,5.9,45.0,6.0,2.95
142332,575583,85123A,WHITE HANGING HEART T-LIGHT HOLDER,1,11/10/2011 11:55,2.95,14456.0,United Kingdom,45,11,2.95,45.0,2.0,2.95
220710,575595,85123A,WHITE HANGING HEART T-LIGHT HOLDER,6,11/10/2011 12:13,2.95,15452.0,United Kingdom,45,11,17.700000000000003,45.0,1.0,2.95
322846,575602,85123A,WHITE HANGING HEART T-LIGHT HOLDER,1,11/10/2011 12:27,2.95,17059.0,United Kingdom,45,11,2.95,45.0,6.0,2.95
399338,575603,85123A,WHITE HANGING HEART T-LIGHT HOLDER,4,11/10/2011 12:29,2.95,18125.0,United Kingdom,45,11,11.8,45.0,1.0,2.95
115619,575607,85123A,WHITE HANGING HEART T-LIGHT HOLDER,2,11/10/2011 12:37,5.79,14096.0,United Kingdom,45,11,11.58,45.0,4.0,2.95
333882,575609,85123A,WHITE HANGING HEART T-LIGHT HOLDER,8,11/10/2011 12:40,2.95,17243.0,United Kingdom,45,11,23.6,45.0,2.0,5.79
205215,575631,85123A,WHITE HANGING HEART T-LIGHT HOLDER,4,11/10/2011 13:41,2.95,15184.0,United Kingdom,45,11,11.8,45.0,8.0,2.95
281877,575647,85123A,WHITE HANGING HEART T-LIGHT HOLDER,4,11/10/2011 14:16,2.95,16440.0,United Kingdom,45,11,11.8,45.0,4.0,2.95
59186,575680,85123A,WHITE HANGING HEART T-LIGHT HOLDER,6,11/10/2011 15:23,2.95,13148.0,United Kingdom,45,11,17.700000000000003,45.0,4.0,2.95
55552,575725,85123A,WHITE HANGING HEART T-LIGHT HOLDER,32,11/10/2011 18:46,2.55,13098.0,United Kingdom,45,11,81.6,45.0,6.0,2.95
305200,575726,85123A,WHITE HANGING HEART T-LIGHT HOLDER,1,11/10/2011 19:12,2.95,16791.0,United Kingdom,45,11,2.95,45.0,32.0,2.55
121779,575735,85123A,WHITE HANGING HEART T-LIGHT HOLDER,6,11/11/2011 8:46,2.95,14156.0,EIRE,45,11,17.700000000000003,45.0,1.0,2.95
519700,575739,85123A,WHITE HANGING HEART T-LIGHT HOLDER,1,11/11/2011 9:05,5.79,,United Kingdom,45,11,5.79,45.0,6.0,2.95
106668,575744,85123A,WHITE HANGING HEART T-LIGHT HOLDER,12,11/11/2011 10:03,2.95,14035.0,United Kingdom,45,11,35.400000000000006,45.0,1.0,5.79
398531,575756,85123A,WHITE HANGING HEART T-LIGHT HOLDER,2,11/11/2011 10:48,2.95,18118.0,United Kingdom,45,11,5.9,45.0,12.0,2.95
252973,575760,85123A,WHITE HANGING HEART T-LIGHT HOLDER,20,11/11/2011 10:50,2.95,15965.0,United Kingdom,45,11,59.0,45.0,2.0,2.95
39655,575766,85123A,WHITE HANGING HEART T-LIGHT HOLDER,7,11/11/2011 11:06,2.95,12856.0,United Kingdom,45,11,20.650000000000002,45.0,20.0,2.95
39640,575766,85123A,WHITE HANGING HEART T-LIGHT HOLDER,1,11/11/2011 11:06,2.95,12856.0,United Kingdom,45,11,2.95,45.0,7.0,2.95
351395,575850,85123A,WHITE HANGING HEART T-LIGHT HOLDER,32,11/11/2011 12:11,2.55,17512.0,United Kingdom,45,11,81.6,45.0,1.0,2.95
194432,575867,85123A,WHITE HANGING HEART T-LIGHT HOLDER,3,11/11/2011 12:44,2.95,15034.0,United Kingdom,45,11,8.850000000000001,45.0,32.0,2.55
236844,575891,85123A,WHITE HANGING HEART T-LIGHT HOLDER,6,11/11/2011 14:12,2.95,15692.0,United Kingdom,45,11,17.700000000000003,45.0,3.0,2.95
100019,575917,85123A,WHITE HANGING HEART T-LIGHT HOLDER,32,11/11/2011 16:57,2.55,13895.0,United Kingdom,45,11,81.6,45.0,6.0,2.95
329854,575918,85123A,WHITE HANGING HEART T-LIGHT HOLDER,6,11/11/2011 16:58,2.95,17191.0,United Kingdom,45,11,17.700000000000003,45.0,32.0,2.55
68907,575929,85123A,WHITE HANGING HEART T-LIGHT HOLDER,6,11/11/2011 17:23,2.95,13310.0,United Kingdom,45,11,17.700000000000003,45.0,6.0,2.95
314757,575932,85123A,WHITE HANGING HEART T-LIGHT HOLDER,5,11/13/2011 10:35,2.95,16923.0,United Kingdom,45,11,14.75,45.0,6.0,2.95
371517,575938,85123A,WHITE HANGING HEART T-LIGHT HOLDER,5,11/13/2011 11:30,2.95,17790.0,United Kingdom,45,11,14.75,45.0,5.0,2.95
281659,575941,85123A,WHITE HANGING HEART T-LIGHT HOLDER,1,11/13/2011 11:39,2.95,16438.0,United Kingdom,45,11,2.95,45.0,5.0,2.95
520934,575947,85123a,WHITE HANGING HEART T-LIGHT HOLDER,2,11/13/2011 11:50,6.63,,United Kingdom,45,11,13.26,45.0,1.0,2.95
107292,575955,85123A,WHITE HANGING HEART T-LIGHT HOLDER,3,11/13/2011 12:05,2.95,14044.0,United Kingdom,45,11,8.850000000000001,45.0,2.0,6.63
151563,575959,85123A,WHITE HANGING HEART T-LIGHT HOLDER,4,11/13/2011 12:27,2.95,14547.0,United Kingdom,45,11,11.8,45.0,3.0,2.95
144886,575972,85123A,WHITE HANGING HEART T-LIGHT HOLDER,3,11/13/2011 13:01,2.95,14499.0,United Kingdom,45,11,8.850000000000001,45.0,4.0,2.95
209249,575976,85123A,WHITE HANGING HEART T-LIGHT HOLDER,5,11/13/2011 13:26,2.95,15271.0,United Kingdom,45,11,14.75,45.0,3.0,2.95
95221,575982,85123A,WHITE HANGING HEART T-LIGHT HOLDER,32,11/13/2011 13:42,2.55,13798.0,United Kingdom,45,11,81.6,45.0,5.0,2.95
298958,576053,85123A,WHITE HANGING HEART T-LIGHT HOLDER,2,11/13/2011 14:53,2.95,16726.0,United Kingdom,45,11,5.9,45.0,32.0,2.55
88706,576060,85123A,WHITE HANGING HEART T-LIGHT HOLDER,5,11/13/2011 15:25,2.95,13681.0,United Kingdom,45,11,14.75,45.0,2.0,2.95
347680,576090,85123A,WHITE HANGING HEART T-LIGHT HOLDER,320,11/14/2011 8:56,3.2,17450.0,United Kingdom,46,11,1024.0,45.0,5.0,2.95
185359,576141,85123A,WHITE HANGING HEART T-LIGHT HOLDER,6,11/14/2011 10:47,2.95,14911.0,EIRE,46,11,17.700000000000003,46.0,320.0,3.2
43606,576182,85123A,WHITE HANGING HEART T-LIGHT HOLDER,6,11/14/2011 11:21,2.95,12938.0,United Kingdom,46,11,17.700000000000003,46.0,6.0,2.95
252620,576256,85123A,WHITE HANGING HEART T-LIGHT HOLDER,32,11/14/2011 14:09,2.55,15953.0,United Kingdom,46,11,81.6,46.0,6.0,2.95
371586,576274,85123A,WHITE HANGING HEART T-LIGHT HOLDER,2,11/14/2011 14:24,2.95,17793.0,United Kingdom,46,11,5.9,46.0,32.0,2.55
371549,576274,85123A,WHITE HANGING HEART T-LIGHT HOLDER,1,11/14/2011 14:24,2.95,17793.0,United Kingdom,46,11,2.95,46.0,2.0,2.95
521317,576329,85123A,WHITE HANGING HEART T-LIGHT HOLDER,5,11/14/2011 15:22,5.79,,United Kingdom,46,11,28.95,46.0,1.0,2.95
116180,576339,85123A,WHITE HANGING HEART T-LIGHT HOLDER,1,11/14/2011 15:27,5.79,14096.0,United Kingdom,46,11,5.79,46.0,5.0,5.79
96686,576346,85123A,WHITE HANGING HEART T-LIGHT HOLDER,6,11/14/2011 15:37,2.95,13835.0,United Kingdom,46,11,17.700000000000003,46.0,1.0,5.79
191405,576364,85123A,WHITE HANGING HEART T-LIGHT HOLDER,1,11/14/2011 17:40,2.95,15009.0,United Kingdom,46,11,2.95,46.0,6.0,2.95
185364,576371,85123A,WHITE HANGING HEART T-LIGHT HOLDER,12,11/15/2011 8:07,2.95,14911.0,EIRE,46,11,35.400000000000006,46.0,1.0,2.95
94436,576374,85123A,WHITE HANGING HEART T-LIGHT HOLDER,300,11/15/2011 8:50,2.55,13777.0,United Kingdom,46,11,765.0,46.0,12.0,2.95
86120,576400,85123A,WHITE HANGING HEART T-LIGHT HOLDER,18,11/15/2011 10:51,2.95,13632.0,United Kingdom,46,11,53.1,46.0,300.0,2.55
101495,576514,85123A,WHITE HANGING HEART T-LIGHT HOLDER,6,11/15/2011 12:13,2.95,13950.0,United Kingdom,46,11,17.700000000000003,46.0,18.0,2.95
143357,576520,85123A,WHITE HANGING HEART T-LIGHT HOLDER,6,11/15/2011 12:33,2.95,14467.0,United Kingdom,46,11,17.700000000000003,46.0,6.0,2.95
168054,576559,85123A,WHITE HANGING HEART T-LIGHT HOLDER,2,11/15/2011 13:19,2.95,14711.0,United Kingdom,46,11,5.9,46.0,6.0,2.95
361507,576589,85123A,WHITE HANGING HEART T-LIGHT HOLDER,6,11/15/2011 14:29,2.95,17659.0,United Kingdom,46,11,17.700000000000003,46.0,2.0,2.95
239439,576593,85123A,WHITE HANGING HEART T-LIGHT HOLDER,3,11/15/2011 14:48,2.95,15720.0,United Kingdom,46,11,8.850000000000001,46.0,6.0,2.95
185380,576595,85123A,WHITE HANGING HEART T-LIGHT HOLDER,96,11/15/2011 14:56,2.55,14911.0,EIRE,46,11,244.79999999999998,46.0,3.0,2.95
401583,576600,85123A,WHITE HANGING HEART T-LIGHT HOLDER,4,11/15/2011 15:08,2.95,18181.0,United Kingdom,46,11,11.8,46.0,96.0,2.55
522292,576617,85123A,WHITE HANGING HEART T-LIGHT HOLDER,4,11/15/2011 16:57,5.79,,United Kingdom,46,11,23.16,46.0,4.0,2.95
75471,576628,85123A,WHITE HANGING HEART T-LIGHT HOLDER,6,11/16/2011 8:28,2.95,13449.0,United Kingdom,46,11,17.700000000000003,46.0,4.0,5.79
99911,576639,85123A,WHITE HANGING HEART T-LIGHT HOLDER,6,11/16/2011 9:43,2.95,13894.0,United Kingdom,46,11,17.700000000000003,46.0,6.0,2.95
523138,576644,85123a,WHITE HANGING HEART T-LIGHT HOLDER,3,11/16/2011 10:01,6.63,,United Kingdom,46,11,19.89,46.0,6.0,2.95
236786,576655,85123A,WHITE HANGING HEART T-LIGHT HOLDER,6,11/16/2011 10:55,2.95,15687.0,United Kingdom,46,11,17.700000000000003,46.0,3.0,6.63
381801,576665,85123A,WHITE HANGING HEART T-LIGHT HOLDER,4,11/16/2011 11:46,2.95,17841.0,United Kingdom,46,11,11.8,46.0,6.0,2.95
309054,576676,85123A,WHITE HANGING HEART T-LIGHT HOLDER,6,11/16/2011 12:03,2.95,16855.0,United Kingdom,46,11,17.700000000000003,46.0,4.0,2.95
112431,576684,85123A,WHITE HANGING HEART T-LIGHT HOLDER,12,11/16/2011 12:08,2.95,14092.0,United Kingdom,46,11,35.400000000000006,46.0,6.0,2.95
283670,576695,85123A,WHITE HANGING HEART T-LIGHT HOLDER,1,11/16/2011 12:25,2.95,16469.0,United Kingdom,46,11,2.95,46.0,12.0,2.95
73574,576768,85123A,WHITE HANGING HEART T-LIGHT HOLDER,32,11/16/2011 13:13,2.55,13408.0,United Kingdom,46,11,81.6,46.0,1.0,2.95
261987,576778,85123A,WHITE HANGING HEART T-LIGHT HOLDER,5,11/16/2011 13:24,2.95,16085.0,United Kingdom,46,11,14.75,46.0,32.0,2.55
64597,576780,85123A,WHITE HANGING HEART T-LIGHT HOLDER,32,11/16/2011 13:27,2.55,13258.0,United Kingdom,46,11,81.6,46.0,5.0,2.95
523347,576837,85123A,WHITE HANGING HEART T-LIGHT HOLDER,9,11/16/2011 15:16,5.79,,United Kingdom,46,11,52.11,46.0,32.0,2.55
394672,576838,85123A,WHITE HANGING HEART T-LIGHT HOLDER,12,11/16/2011 15:21,2.95,18075.0,United Kingdom,46,11,35.400000000000006,46.0,9.0,5.79
524431,576840,85123A,WHITE HANGING HEART T-LIGHT HOLDER,2,11/16/2011 15:23,5.79,,United Kingdom,46,11,11.58,46.0,12.0,2.95
400657,576859,85123A,WHITE HANGING HEART T-LIGHT HOLDER,12,11/16/2011 15:56,2.95,18167.0,United Kingdom,46,11,35.400000000000006,46.0,2.0,5.79
176069,576862,85123A,WHITE HANGING HEART T-LIGHT HOLDER,12,11/16/2011 16:06,2.95,14825.0,United Kingdom,46,11,35.400000000000006,46.0,12.0,2.95
403638,576906,85123A,WHITE HANGING HEART T-LIGHT HOLDER,12,11/17/2011 9:33,2.95,18225.0,United Kingdom,46,11,35.400000000000006,46.0,12.0,2.95
162305,576916,85123A,WHITE HANGING HEART T-LIGHT HOLDER,12,11/17/2011 10:24,2.95,14655.0,United Kingdom,46,11,35.400000000000006,46.0,12.0,2.95
358853,576917,85123A,WHITE HANGING HEART T-LIGHT HOLDER,6,11/17/2011 10:40,2.95,17613.0,United Kingdom,46,11,17.700000000000003,46.0,12.0,2.95
133932,576984,85123A,WHITE HANGING HEART T-LIGHT HOLDER,3,11/17/2011 11:54,2.95,14332.0,United Kingdom,46,11,8.850000000000001,46.0,6.0,2.95
371823,577033,85123A,WHITE HANGING HEART T-LIGHT HOLDER,10,11/17/2011 13:16,2.95,17797.0,United Kingdom,46,11,29.5,46.0,3.0,2.95
344051,577052,85123A,WHITE HANGING HEART T-LIGHT HOLDER,5,11/17/2011 14:08,2.95,17397.0,United Kingdom,46,11,14.75,46.0,10.0,2.95
46657,577053,85123A,WHITE HANGING HEART T-LIGHT HOLDER,6,11/17/2011 14:17,2.95,13001.0,United Kingdom,46,11,17.700000000000003,46.0,5.0,2.95
398950,577058,85123A,WHITE HANGING HEART T-LIGHT HOLDER,3,11/17/2011 14:29,2.95,18122.0,United Kingdom,46,11,8.850000000000001,46.0,6.0,2.95
399014,577058,85123A,WHITE HANGING HEART T-LIGHT HOLDER,2,11/17/2011 14:29,2.95,18122.0,United Kingdom,46,11,5.9,46.0,3.0,2.95
185516,577061,85123A,WHITE HANGING HEART T-LIGHT HOLDER,12,11/17/2011 14:40,2.95,14911.0,EIRE,46,11,35.400000000000006,46.0,2.0,2.95
524746,577078,85123A,WHITE HANGING HEART T-LIGHT HOLDER,1,11/17/2011 15:17,5.79,,United Kingdom,46,11,5.79,46.0,12.0,2.95
46290,577085,85123A,WHITE HANGING HEART T-LIGHT HOLDER,12,11/17/2011 15:47,2.95,12997.0,United Kingdom,46,11,35.400000000000006,46.0,1.0,5.79
199988,577103,85123A,WHITE HANGING HEART T-LIGHT HOLDER,6,11/17/2011 17:08,2.95,15081.0,United Kingdom,46,11,17.700000000000003,46.0,12.0,2.95
29822,577104,85123A,WHITE HANGING HEART T-LIGHT HOLDER,12,11/17/2011 17:13,2.95,12747.0,United Kingdom,46,11,35.400000000000006,46.0,6.0,2.95
233303,577209,85123A,WHITE HANGING HEART T-LIGHT HOLDER,64,11/18/2011 11:49,2.55,15621.0,United Kingdom,46,11,163.2,46.0,12.0,2.95
2704,577228,85123A,WHITE HANGING HEART T-LIGHT HOLDER,10,11/18/2011 12:07,2.95,12391.0,Cyprus,46,11,29.5,46.0,64.0,2.55
252039,577309,85123A,WHITE HANGING HEART T-LIGHT HOLDER,6,11/18/2011 13:14,2.95,15933.0,United Kingdom,46,11,17.700000000000003,46.0,10.0,2.95
363053,577318,85123A,WHITE HANGING HEART T-LIGHT HOLDER,32,11/18/2011 13:42,2.55,17675.0,United Kingdom,46,11,81.6,46.0,6.0,2.95
185524,577355,85123A,WHITE HANGING HEART T-LIGHT HOLDER,12,11/18/2011 15:53,2.95,14911.0,EIRE,46,11,35.400000000000006,46.0,32.0,2.55
525640,577358,85123A,WHITE HANGING HEART T-LIGHT HOLDER,1,11/18/2011 15:59,5.79,,United Kingdom,46,11,5.79,46.0,12.0,2.95
147965,577480,85123A,WHITE HANGING HEART T-LIGHT HOLDER,64,11/20/2011 11:37,2.55,14525.0,United Kingdom,46,11,163.2,46.0,1.0,5.79
276477,577485,85123A,WHITE HANGING HEART T-LIGHT HOLDER,4,11/20/2011 11:56,2.95,16360.0,United Kingdom,46,11,11.8,46.0,64.0,2.55
525744,577489,85123A,WHITE HANGING HEART T-LIGHT HOLDER,1,11/20/2011 12:07,2.95,,United Kingdom,46,11,2.95,46.0,4.0,2.95
123147,577504,85123A,WHITE HANGING HEART T-LIGHT HOLDER,6,11/20/2011 12:36,2.95,14159.0,United Kingdom,46,11,17.700000000000003,46.0,1.0,2.95
56839,577505,85123A,WHITE HANGING HEART T-LIGHT HOLDER,4,11/20/2011 12:37,2.95,13118.0,United Kingdom,46,11,11.8,46.0,6.0,2.95
399438,577508,85123A,WHITE HANGING HEART T-LIGHT HOLDER,2,11/20/2011 12:45,2.95,18127.0,United Kingdom,46,11,5.9,46.0,4.0,2.95
18327,577523,85123A,WHITE HANGING HEART T-LIGHT HOLDER,6,11/20/2011 13:33,2.95,12597.0,Spain,46,11,17.700000000000003,46.0,2.0,2.95
187648,577530,85123A,WHITE HANGING HEART T-LIGHT HOLDER,12,11/20/2011 13:48,2.95,14950.0,United Kingdom,46,11,35.400000000000006,46.0,6.0,2.95
525938,577531,85123a,WHITE HANGING HEART T-LIGHT HOLDER,1,11/20/2011 13:58,6.63,,United Kingdom,46,11,6.63,46.0,12.0,2.95
279291,577595,85123A,WHITE HANGING HEART T-LIGHT HOLDER,2,11/20/2011 16:12,2.95,16399.0,United Kingdom,46,11,5.9,46.0,1.0,6.63
277055,577597,85123A,WHITE HANGING HEART T-LIGHT HOLDER,12,11/21/2011 8:19,2.95,16366.0,United Kingdom,47,11,35.400000000000006,46.0,2.0,2.95
39697,577690,85123A,WHITE HANGING HEART T-LIGHT HOLDER,2,11/21/2011 11:34,2.95,12856.0,United Kingdom,47,11,5.9,47.0,12.0,2.95
154639,577691,85123A,WHITE HANGING HEART T-LIGHT HOLDER,2,11/21/2011 11:34,2.95,14587.0,United Kingdom,47,11,5.9,47.0,2.0,2.95
235115,577695,85123A,WHITE HANGING HEART T-LIGHT HOLDER,12,11/21/2011 11:55,2.95,15645.0,United Kingdom,47,11,35.400000000000006,47.0,2.0,2.95
279709,577696,85123A,WHITE HANGING HEART T-LIGHT HOLDER,1,11/21/2011 11:57,2.95,16406.0,United Kingdom,47,11,2.95,47.0,12.0,2.95
92633,577742,85123A,WHITE HANGING HEART T-LIGHT HOLDER,2,11/21/2011 13:41,2.95,13755.0,United Kingdom,47,11,5.9,47.0,1.0,2.95
92654,577742,85123A,WHITE HANGING HEART T-LIGHT HOLDER,1,11/21/2011 13:41,2.95,13755.0,United Kingdom,47,11,2.95,47.0,2.0,2.95
526108,577768,85123A,WHITE HANGING HEART T-LIGHT HOLDER,3,11/21/2011 15:18,5.79,,United Kingdom,47,11,17.37,47.0,1.0,2.95
287607,577782,85123A,WHITE HANGING HEART T-LIGHT HOLDER,1,11/21/2011 16:17,2.95,16549.0,United Kingdom,47,11,2.95,47.0,3.0,5.79
304671,577827,85123A,WHITE HANGING HEART T-LIGHT HOLDER,12,11/22/2011 9:53,2.95,16782.0,United Kingdom,47,11,35.400000000000006,47.0,1.0,2.95
88710,577853,85123A,WHITE HANGING HEART T-LIGHT HOLDER,5,11/22/2011 11:13,2.95,13681.0,United Kingdom,47,11,14.75,47.0,12.0,2.95
95228,577973,85123A,WHITE HANGING HEART T-LIGHT HOLDER,32,11/22/2011 12:13,2.55,13798.0,United Kingdom,47,11,81.6,47.0,5.0,2.95
82877,578017,85123A,WHITE HANGING HEART T-LIGHT HOLDER,3,11/22/2011 13:07,2.95,13569.0,United Kingdom,47,11,8.850000000000001,47.0,32.0,2.55
243425,578031,85123A,WHITE HANGING HEART T-LIGHT HOLDER,6,11/22/2011 13:41,2.95,15796.0,United Kingdom,47,11,17.700000000000003,47.0,3.0,2.95
339166,578041,85123A,WHITE HANGING HEART T-LIGHT HOLDER,10,11/22/2011 14:23,2.95,17338.0,United Kingdom,47,11,29.5,47.0,6.0,2.95
185731,578054,85123A,WHITE HANGING HEART T-LIGHT HOLDER,160,11/22/2011 14:59,2.55,14911.0,EIRE,47,11,408.0,47.0,10.0,2.95
527091,578065,85123A,WHITE HANGING HEART T-LIGHT HOLDER,2,11/22/2011 15:41,5.79,,United Kingdom,47,11,11.58,47.0,160.0,2.55
527545,578067,85123A,WHITE HANGING HEART T-LIGHT HOLDER,1,11/22/2011 15:43,5.79,,United Kingdom,47,11,5.79,47.0,2.0,5.79
146616,578068,85123A,WHITE HANGING HEART T-LIGHT HOLDER,2,11/22/2011 15:45,2.95,14505.0,United Kingdom,47,11,5.9,47.0,1.0,5.79
355959,578074,85123A,WHITE HANGING HEART T-LIGHT HOLDER,2,11/22/2011 16:06,2.95,17590.0,United Kingdom,47,11,5.9,47.0,2.0,2.95
17780,578078,85123A,WHITE HANGING HEART T-LIGHT HOLDER,6,11/22/2011 16:24,2.95,12586.0,Italy,47,11,17.700000000000003,47.0,2.0,2.95
253017,578087,85123A,WHITE HANGING HEART T-LIGHT HOLDER,10,11/22/2011 16:44,2.95,15965.0,United Kingdom,47,11,29.5,47.0,6.0,2.95
277841,578088,85123A,WHITE HANGING HEART T-LIGHT HOLDER,2,11/22/2011 16:47,2.95,16376.0,United Kingdom,47,11,5.9,47.0,10.0,2.95
161559,578140,85123A,WHITE HANGING HEART T-LIGHT HOLDER,160,11/23/2011 10:58,2.55,14646.0,Netherlands,47,11,408.0,47.0,2.0,2.95
527879,578149,85123a,WHITE HANGING HEART T-LIGHT HOLDER,3,11/23/2011 11:11,6.63,,United Kingdom,47,11,19.89,47.0,160.0,2.55
134261,578187,85123A,WHITE HANGING HEART T-LIGHT HOLDER,6,11/23/2011 11:40,2.95,14336.0,United Kingdom,47,11,17.700000000000003,47.0,3.0,6.63
33473,578211,85123A,WHITE HANGING HEART T-LIGHT HOLDER,1,11/23/2011 11:47,2.95,12748.0,United Kingdom,47,11,2.95,47.0,6.0,2.95
164279,578255,85123A,WHITE HANGING HEART T-LIGHT HOLDER,1,11/23/2011 12:58,2.95,14675.0,United Kingdom,47,11,2.95,47.0,1.0,2.95
164261,578255,85123A,WHITE HANGING HEART T-LIGHT HOLDER,1,11/23/2011 12:58,2.95,14675.0,United Kingdom,47,11,2.95,47.0,1.0,2.95
66286,578258,85123A,WHITE HANGING HEART T-LIGHT HOLDER,2,11/23/2011 13:01,2.95,13263.0,United Kingdom,47,11,5.9,47.0,1.0,2.95
348649,578260,85123A,WHITE HANGING HEART T-LIGHT HOLDER,6,11/23/2011 13:15,2.95,17469.0,United Kingdom,47,11,17.700000000000003,47.0,2.0,2.95
116611,578270,85123A,WHITE HANGING HEART T-LIGHT HOLDER,1,11/23/2011 13:39,5.79,14096.0,United Kingdom,47,11,5.79,47.0,6.0,2.95
260828,578302,85123A,WHITE HANGING HEART T-LIGHT HOLDER,6,11/23/2011 15:23,2.95,16057.0,United Kingdom,47,11,17.700000000000003,47.0,1.0,5.79
96599,578304,85123A,WHITE HANGING HEART T-LIGHT HOLDER,64,11/23/2011 15:41,2.55,13831.0,United Kingdom,47,11,163.2,47.0,6.0,2.95
528499,578344,85123A,WHITE HANGING HEART T-LIGHT HOLDER,2,11/24/2011 9:21,5.79,,United Kingdom,47,11,11.58,47.0,64.0,2.55
529117,578347,85123A,WHITE HANGING HEART T-LIGHT HOLDER,1,11/24/2011 9:26,5.79,,United Kingdom,47,11,5.79,47.0,2.0,5.79
189512,578351,85123A,WHITE HANGING HEART T-LIGHT HOLDER,32,11/24/2011 9:59,2.55,14987.0,United Kingdom,47,11,81.6,47.0,1.0,5.79
194523,578427,85123A,WHITE HANGING HEART T-LIGHT HOLDER,6,11/24/2011 12:11,2.95,15034.0,United Kingdom,47,11,17.700000000000003,47.0,32.0,2.55
272270,578429,85123A,WHITE HANGING HEART T-LIGHT HOLDER,6,11/24/2011 12:12,2.95,16271.0,United Kingdom,47,11,17.700000000000003,47.0,6.0,2.95
10289,578472,85123A,WHITE HANGING HEART T-LIGHT HOLDER,12,11/24/2011 12:40,2.95,12476.0,Germany,47,11,35.400000000000006,47.0,6.0,2.95
310847,578508,85123A,WHITE HANGING HEART T-LIGHT HOLDER,4,11/24/2011 13:06,2.95,16892.0,United Kingdom,47,11,11.8,47.0,12.0,2.95
370018,578533,85123A,WHITE HANGING HEART T-LIGHT HOLDER,4,11/24/2011 14:42,2.95,17767.0,United Kingdom,47,11,11.8,47.0,4.0,2.95
239707,578534,85123A,WHITE HANGING HEART T-LIGHT HOLDER,6,11/24/2011 14:51,2.95,15725.0,United Kingdom,47,11,17.700000000000003,47.0,4.0,2.95
129639,578541,85123A,WHITE HANGING HEART T-LIGHT HOLDER,8,11/24/2011 15:01,2.95,14277.0,France,47,11,23.6,47.0,6.0,2.95
252628,578623,85123A,WHITE HANGING HEART T-LIGHT HOLDER,32,11/24/2011 15:32,2.55,15953.0,United Kingdom,47,11,81.6,47.0,8.0,2.95
400579,578653,85123A,WHITE HANGING HEART T-LIGHT HOLDER,12,11/24/2011 16:40,2.95,18161.0,United Kingdom,47,11,35.400000000000006,47.0,32.0,2.55
219216,578663,85123A,WHITE HANGING HEART T-LIGHT HOLDER,6,11/24/2011 16:54,2.95,15428.0,United Kingdom,47,11,17.700000000000003,47.0,12.0,2.95
282868,578680,85123A,WHITE HANGING HEART T-LIGHT HOLDER,6,11/25/2011 8:23,2.95,16458.0,United Kingdom,47,11,17.700000000000003,47.0,6.0,2.95
329040,578682,85123A,WHITE HANGING HEART T-LIGHT HOLDER,24,11/25/2011 8:55,2.95,17173.0,United Kingdom,47,11,70.80000000000001,47.0,6.0,2.95
202321,578683,85123A,WHITE HANGING HEART T-LIGHT HOLDER,18,11/25/2011 8:55,2.95,15134.0,United Kingdom,47,11,53.1,47.0,24.0,2.95
298306,578688,85123A,WHITE HANGING HEART T-LIGHT HOLDER,1,11/25/2011 9:27,2.95,16719.0,United Kingdom,47,11,2.95,47.0,18.0,2.95
298303,578688,85123A,WHITE HANGING HEART T-LIGHT HOLDER,2,11/25/2011 9:27,2.95,16719.0,United Kingdom,47,11,5.9,47.0,1.0,2.95
243270,578689,85123A,WHITE HANGING HEART T-LIGHT HOLDER,32,11/25/2011 9:31,2.55,15793.0,United Kingdom,47,11,81.6,47.0,2.0,2.95
401112,578704,85123A,WHITE HANGING HEART T-LIGHT HOLDER,128,11/25/2011 11:12,2.55,18172.0,United Kingdom,47,11,326.4,47.0,32.0,2.55
38769,578791,85123A,WHITE HANGING HEART T-LIGHT HOLDER,2,11/25/2011 12:20,2.95,12841.0,United Kingdom,47,11,5.9,47.0,128.0,2.55
302768,578817,85123A,WHITE HANGING HEART T-LIGHT HOLDER,4,11/25/2011 13:45,2.95,16764.0,United Kingdom,47,11,11.8,47.0,2.0,2.95
529758,578827,85123A,WHITE HANGING HEART T-LIGHT HOLDER,2,11/25/2011 14:25,5.79,,United Kingdom,47,11,11.58,47.0,4.0,2.95
530049,578833,85123a,WHITE HANGING HEART T-LIGHT HOLDER,3,11/25/2011 15:23,6.63,,United Kingdom,47,11,19.89,47.0,2.0,5.79
530576,578844,85123A,WHITE HANGING HEART T-LIGHT HOLDER,3,11/25/2011 16:14,5.79,,United Kingdom,47,11,17.37,47.0,3.0,6.63
94660,578914,85123A,WHITE HANGING HEART T-LIGHT HOLDER,4,11/27/2011 11:54,2.95,13782.0,United Kingdom,47,11,11.8,47.0,3.0,5.79
255856,578944,85123A,WHITE HANGING HEART T-LIGHT HOLDER,1,11/27/2011 13:41,2.95,16005.0,United Kingdom,47,11,2.95,47.0,4.0,2.95
187909,578949,85123A,WHITE HANGING HEART T-LIGHT HOLDER,1,11/27/2011 14:30,2.95,14954.0,United Kingdom,47,11,2.95,47.0,1.0,2.95
248565,578995,85123A,WHITE HANGING HEART T-LIGHT HOLDER,2,11/27/2011 15:59,2.95,15861.0,United Kingdom,47,11,5.9,47.0,1.0,2.95
52168,579093,85123A,WHITE HANGING HEART T-LIGHT HOLDER,32,11/28/2011 10:54,2.55,13081.0,United Kingdom,48,11,81.6,47.0,2.0,2.95
66315,579147,85123A,WHITE HANGING HEART T-LIGHT HOLDER,1,11/28/2011 13:20,2.95,13263.0,United Kingdom,48,11,2.95,48.0,32.0,2.55
101503,579176,85123A,WHITE HANGING HEART T-LIGHT HOLDER,32,11/28/2011 14:44,2.55,13950.0,United Kingdom,48,11,81.6,48.0,1.0,2.95
233308,579183,85123A,WHITE HANGING HEART T-LIGHT HOLDER,64,11/28/2011 15:16,2.55,15621.0,United Kingdom,48,11,163.2,48.0,32.0,2.55
531177,579187,85123A,WHITE HANGING HEART T-LIGHT HOLDER,1,11/28/2011 15:31,5.79,,United Kingdom,48,11,5.79,48.0,64.0,2.55
117059,579196,85123A,WHITE HANGING HEART T-LIGHT HOLDER,3,11/28/2011 15:54,5.79,14096.0,United Kingdom,48,11,17.37,48.0,1.0,5.79
531515,579297,85123a,WHITE HANGING HEART T-LIGHT HOLDER,1,11/29/2011 11:23,6.63,,United Kingdom,48,11,6.63,48.0,3.0,5.79
398650,579301,85123A,WHITE HANGING HEART T-LIGHT HOLDER,3,11/29/2011 11:32,2.95,18118.0,United Kingdom,48,11,8.850000000000001,48.0,1.0,6.63
206783,579350,85123A,WHITE HANGING HEART T-LIGHT HOLDER,32,11/29/2011 11:48,2.55,15218.0,United Kingdom,48,11,81.6,48.0,3.0,2.95
319377,579358,85123A,WHITE HANGING HEART T-LIGHT HOLDER,6,11/29/2011 11:50,2.95,16992.0,United Kingdom,48,11,17.700000000000003,48.0,32.0,2.55
119203,579404,85123A,WHITE HANGING HEART T-LIGHT HOLDER,12,11/29/2011 12:21,2.95,14126.0,United Kingdom,48,11,35.400000000000006,48.0,6.0,2.95
136758,579447,85123A,WHITE HANGING HEART T-LIGHT HOLDER,4,11/29/2011 13:46,2.95,14390.0,United Kingdom,48,11,11.8,48.0,12.0,2.95
74653,579456,85123A,WHITE HANGING HEART T-LIGHT HOLDER,1,11/29/2011 14:20,2.95,13428.0,United Kingdom,48,11,2.95,48.0,4.0,2.95
287716,579458,85123A,WHITE HANGING HEART T-LIGHT HOLDER,1,11/29/2011 14:38,2.95,16549.0,United Kingdom,48,11,2.95,48.0,1.0,2.95
287719,579458,85123A,WHITE HANGING HEART T-LIGHT HOLDER,1,11/29/2011 14:38,2.95,16549.0,United Kingdom,48,11,2.95,48.0,1.0,2.95
233118,579461,85123A,WHITE HANGING HEART T-LIGHT HOLDER,32,11/29/2011 14:42,2.55,15615.0,United Kingdom,48,11,81.6,48.0,1.0,2.95
287932,579470,85123A,WHITE HANGING HEART T-LIGHT HOLDER,6,11/29/2011 15:06,2.95,16549.0,United Kingdom,48,11,17.700000000000003,48.0,32.0,2.55
169166,579491,85123A,WHITE HANGING HEART T-LIGHT HOLDER,1,11/29/2011 15:23,2.95,14723.0,United Kingdom,48,11,2.95,48.0,6.0,2.95
363679,579499,85123A,WHITE HANGING HEART T-LIGHT HOLDER,12,11/29/2011 15:59,2.95,17682.0,United Kingdom,48,11,35.400000000000006,48.0,1.0,2.95
532133,579508,85123A,WHITE HANGING HEART T-LIGHT HOLDER,3,11/29/2011 16:33,5.79,,United Kingdom,48,11,17.37,48.0,12.0,2.95
532762,579512,85123A,WHITE HANGING HEART T-LIGHT HOLDER,2,11/29/2011 16:47,5.79,,United Kingdom,48,11,11.58,48.0,3.0,5.79
201159,579525,85123A,WHITE HANGING HEART T-LIGHT HOLDER,96,11/30/2011 8:23,2.55,15113.0,United Kingdom,48,11,244.79999999999998,48.0,2.0,5.79
393615,579526,85123A,WHITE HANGING HEART T-LIGHT HOLDER,32,11/30/2011 8:38,2.55,18058.0,United Kingdom,48,11,81.6,48.0,96.0,2.55
44497,579533,85123A,WHITE HANGING HEART T-LIGHT HOLDER,12,11/30/2011 9:24,2.95,12953.0,United Kingdom,48,11,35.400000000000006,48.0,32.0,2.55
20927,579550,85123A,WHITE HANGING HEART T-LIGHT HOLDER,12,11/30/2011 10:48,2.95,12630.0,Finland,48,11,35.400000000000006,48.0,12.0,2.95
268583,579552,85123A,WHITE HANGING HEART T-LIGHT HOLDER,64,11/30/2011 10:54,2.55,16210.0,United Kingdom,48,11,163.2,48.0,12.0,2.95
121853,579553,85123A,WHITE HANGING HEART T-LIGHT HOLDER,64,11/30/2011 10:54,2.55,14156.0,EIRE,48,11,163.2,48.0,64.0,2.55
270360,579555,85123A,WHITE HANGING HEART T-LIGHT HOLDER,3,11/30/2011 11:08,2.95,16241.0,United Kingdom,48,11,8.850000000000001,48.0,64.0,2.55
171210,579558,85123A,WHITE HANGING HEART T-LIGHT HOLDER,12,11/30/2011 11:24,2.95,14755.0,United Kingdom,48,11,35.400000000000006,48.0,3.0,2.95
302867,579559,85123A,WHITE HANGING HEART T-LIGHT HOLDER,3,11/30/2011 11:30,2.95,16764.0,United Kingdom,48,11,8.850000000000001,48.0,12.0,2.95
141139,579687,85123A,WHITE HANGING HEART T-LIGHT HOLDER,12,11/30/2011 13:50,2.95,14448.0,United Kingdom,48,11,35.400000000000006,48.0,3.0,2.95
533053,579694,85123a,WHITE HANGING HEART T-LIGHT HOLDER,2,11/30/2011 14:11,6.63,,United Kingdom,48,11,13.26,48.0,12.0,2.95
533158,579751,85123a,WHITE HANGING HEART T-LIGHT HOLDER,2,11/30/2011 14:46,6.63,,United Kingdom,48,11,13.26,48.0,2.0,6.63
220505,579885,85123A,WHITE HANGING HEART T-LIGHT HOLDER,1,11/30/2011 17:37,2.95,15444.0,United Kingdom,48,11,2.95,48.0,2.0,6.63
265020,579942,85123A,WHITE HANGING HEART T-LIGHT HOLDER,6,12/1/2011 10:33,2.95,16145.0,United Kingdom,48,12,17.700000000000003,48.0,1.0,2.95
192360,580025,85123A,WHITE HANGING HEART T-LIGHT HOLDER,3,12/1/2011 11:53,2.95,15021.0,United Kingdom,48,12,8.850000000000001,48.0,6.0,2.95
399094,580054,85123A,WHITE HANGING HEART T-LIGHT HOLDER,4,12/1/2011 13:08,2.95,18122.0,United Kingdom,48,12,11.8,48.0,3.0,2.95
248701,580062,85123A,WHITE HANGING HEART T-LIGHT HOLDER,2,12/1/2011 13:28,2.95,15862.0,United Kingdom,48,12,5.9,48.0,4.0,2.95
126593,580097,85123A,WHITE HANGING HEART T-LIGHT HOLDER,6,12/1/2011 14:58,2.95,14216.0,United Kingdom,48,12,17.700000000000003,48.0,2.0,2.95
270645,580103,85123A,WHITE HANGING HEART T-LIGHT HOLDER,8,12/1/2011 15:12,2.95,16242.0,United Kingdom,48,12,23.6,48.0,6.0,2.95
534652,580115,85123A,WHITE HANGING HEART T-LIGHT HOLDER,1,12/1/2011 16:22,5.79,,United Kingdom,48,12,5.79,48.0,8.0,2.95
354671,580128,85123A,WHITE HANGING HEART T-LIGHT HOLDER,4,12/1/2011 17:56,2.95,17576.0,United Kingdom,48,12,11.8,48.0,1.0,5.79
382626,580136,85123A,WHITE HANGING HEART T-LIGHT HOLDER,6,12/1/2011 19:42,2.95,17841.0,United Kingdom,48,12,17.700000000000003,48.0,4.0,2.95
353677,580137,85123A,WHITE HANGING HEART T-LIGHT HOLDER,1,12/1/2011 19:54,2.95,17566.0,United Kingdom,48,12,2.95,48.0,6.0,2.95
39737,580162,85123A,WHITE HANGING HEART T-LIGHT HOLDER,3,12/2/2011 10:52,2.95,12856.0,United Kingdom,48,12,8.850000000000001,48.0,1.0,2.95
111556,580260,85123A,WHITE HANGING HEART T-LIGHT HOLDER,3,12/2/2011 12:36,2.95,14085.0,United Kingdom,48,12,8.850000000000001,48.0,3.0,2.95
155217,580287,85123A,WHITE HANGING HEART T-LIGHT HOLDER,2,12/2/2011 13:28,2.95,14594.0,United Kingdom,48,12,5.9,48.0,3.0,2.95
247622,580292,85123A,WHITE HANGING HEART T-LIGHT HOLDER,64,12/2/2011 13:37,2.55,15856.0,United Kingdom,48,12,163.2,48.0,2.0,2.95
76513,580317,85123A,WHITE HANGING HEART T-LIGHT HOLDER,6,12/2/2011 15:29,2.95,13458.0,United Kingdom,48,12,17.700000000000003,48.0,64.0,2.55
247648,580357,85123A,WHITE HANGING HEART T-LIGHT HOLDER,32,12/2/2011 16:07,2.55,15856.0,United Kingdom,48,12,81.6,48.0,6.0,2.95
99596,580362,85123A,WHITE HANGING HEART T-LIGHT HOLDER,6,12/2/2011 16:30,2.95,13884.0,United Kingdom,48,12,17.700000000000003,48.0,32.0,2.55
535522,580367,85123A,WHITE HANGING HEART T-LIGHT HOLDER,1,12/2/2011 16:39,5.79,,United Kingdom,48,12,5.79,48.0,6.0,2.95
281690,580393,85123A,WHITE HANGING HEART T-LIGHT HOLDER,1,12/4/2011 10:51,2.95,16438.0,United Kingdom,48,12,2.95,48.0,1.0,5.79
151350,580501,85123A,WHITE HANGING HEART T-LIGHT HOLDER,4,12/4/2011 13:00,2.95,14546.0,United Kingdom,48,12,11.8,48.0,1.0,2.95
142524,580513,85123A,WHITE HANGING HEART T-LIGHT HOLDER,1,12/4/2011 13:59,2.95,14456.0,United Kingdom,48,12,2.95,48.0,4.0,2.95
374298,580523,85123A,WHITE HANGING HEART T-LIGHT HOLDER,2,12/4/2011 15:00,2.95,17827.0,United Kingdom,48,12,5.9,48.0,1.0,2.95
186006,580555,85123A,WHITE HANGING HEART T-LIGHT HOLDER,64,12/5/2011 10:18,2.55,14911.0,EIRE,49,12,163.2,48.0,2.0,2.95
535949,580610,85123a,WHITE HANGING HEART T-LIGHT HOLDER,12,12/5/2011 11:48,6.63,,United Kingdom,49,12,79.56,49.0,64.0,2.55
34347,580611,85123A,WHITE HANGING HEART T-LIGHT HOLDER,1,12/5/2011 11:49,2.95,12748.0,United Kingdom,49,12,2.95,49.0,12.0,6.63
536084,580612,85123a,WHITE HANGING HEART T-LIGHT HOLDER,3,12/5/2011 11:58,6.63,,United Kingdom,49,12,19.89,49.0,1.0,2.95
276706,580632,85123A,WHITE HANGING HEART T-LIGHT HOLDER,7,12/5/2011 12:16,2.95,16360.0,United Kingdom,49,12,20.650000000000002,49.0,3.0,6.63
161881,580635,85123A,WHITE HANGING HEART T-LIGHT HOLDER,3,12/5/2011 12:30,2.95,14649.0,United Kingdom,49,12,8.850000000000001,49.0,7.0,2.95
161867,580635,85123A,WHITE HANGING HEART T-LIGHT HOLDER,1,12/5/2011 12:30,2.95,14649.0,United Kingdom,49,12,2.95,49.0,3.0,2.95
151726,580643,85123A,WHITE HANGING HEART T-LIGHT HOLDER,6,12/5/2011 12:59,2.95,14547.0,United Kingdom,49,12,17.700000000000003,49.0,1.0,2.95
365499,580653,85123A,WHITE HANGING HEART T-LIGHT HOLDER,12,12/5/2011 13:34,2.95,17706.0,United Kingdom,49,12,35.400000000000006,49.0,6.0,2.95
247654,580662,85123A,WHITE HANGING HEART T-LIGHT HOLDER,160,12/5/2011 13:58,2.55,15856.0,United Kingdom,49,12,408.0,49.0,12.0,2.95
60241,580692,85123A,WHITE HANGING HEART T-LIGHT HOLDER,4,12/5/2011 15:51,2.95,13173.0,United Kingdom,49,12,11.8,49.0,160.0,2.55
63689,580695,85123A,WHITE HANGING HEART T-LIGHT HOLDER,4,12/5/2011 16:03,2.95,13230.0,United Kingdom,49,12,11.8,49.0,4.0,2.95
251958,580725,85123A,WHITE HANGING HEART T-LIGHT HOLDER,32,12/5/2011 17:13,2.55,15932.0,United Kingdom,49,12,81.6,49.0,4.0,2.95
117682,580727,85123A,WHITE HANGING HEART T-LIGHT HOLDER,1,12/5/2011 17:17,5.79,14096.0,United Kingdom,49,12,5.79,49.0,32.0,2.55
536874,580729,85123A,WHITE HANGING HEART T-LIGHT HOLDER,2,12/5/2011 17:24,5.79,,United Kingdom,49,12,11.58,49.0,1.0,5.79
537573,580730,85123A,WHITE HANGING HEART T-LIGHT HOLDER,1,12/5/2011 17:28,5.79,,United Kingdom,49,12,5.79,49.0,2.0,5.79
17672,580746,85123A,WHITE HANGING HEART T-LIGHT HOLDER,18,12/6/2011 9:35,2.95,12584.0,Italy,49,12,53.1,49.0,1.0,5.79
302894,580833,85123A,WHITE HANGING HEART T-LIGHT HOLDER,9,12/6/2011 11:41,2.95,16764.0,United Kingdom,49,12,26.55,49.0,18.0,2.95
79224,580907,85123A,WHITE HANGING HEART T-LIGHT HOLDER,6,12/6/2011 13:13,2.95,13507.0,United Kingdom,49,12,17.700000000000003,49.0,9.0,2.95
180297,580939,85123A,WHITE HANGING HEART T-LIGHT HOLDER,6,12/6/2011 14:14,2.95,14907.0,United Kingdom,49,12,17.700000000000003,49.0,6.0,2.95
186083,581006,85123A,WHITE HANGING HEART T-LIGHT HOLDER,24,12/7/2011 8:45,2.95,14911.0,EIRE,49,12,70.80000000000001,49.0,6.0,2.95
282881,581014,85123A,WHITE HANGING HEART T-LIGHT HOLDER,6,12/7/2011 9:34,2.95,16458.0,United Kingdom,49,12,17.700000000000003,49.0,24.0,2.95
351269,581020,85123A,WHITE HANGING HEART T-LIGHT HOLDER,64,12/7/2011 10:12,2.55,17511.0,United Kingdom,49,12,163.2,49.0,6.0,2.95
538530,581023,85123a,WHITE HANGING HEART T-LIGHT HOLDER,2,12/7/2011 10:35,6.63,,United Kingdom,49,12,13.26,49.0,64.0,2.55
223629,581129,85123A,WHITE HANGING HEART T-LIGHT HOLDER,18,12/7/2011 12:48,2.95,15498.0,United Kingdom,49,12,53.1,49.0,2.0,6.63
356003,581132,85123A,WHITE HANGING HEART T-LIGHT HOLDER,8,12/7/2011 12:55,2.95,17590.0,United Kingdom,49,12,23.6,49.0,18.0,2.95
95243,581139,85123A,WHITE HANGING HEART T-LIGHT HOLDER,32,12/7/2011 13:21,2.55,13798.0,United Kingdom,49,12,81.6,49.0,8.0,2.95
357375,581146,85123A,WHITE HANGING HEART T-LIGHT HOLDER,3,12/7/2011 13:53,2.95,17602.0,United Kingdom,49,12,8.850000000000001,49.0,32.0,2.55
221660,581149,85123A,WHITE HANGING HEART T-LIGHT HOLDER,32,12/7/2011 14:12,2.55,15471.0,United Kingdom,49,12,81.6,49.0,3.0,2.95
29836,581163,85123A,WHITE HANGING HEART T-LIGHT HOLDER,6,12/7/2011 14:34,2.95,12747.0,United Kingdom,49,12,17.700000000000003,49.0,32.0,2.55
93930,581174,85123A,WHITE HANGING HEART T-LIGHT HOLDER,6,12/7/2011 15:08,2.95,13769.0,United Kingdom,49,12,17.700000000000003,49.0,6.0,2.95
325737,581193,85123A,WHITE HANGING HEART T-LIGHT HOLDER,1,12/7/2011 17:05,2.95,17097.0,Spain,49,12,2.95,49.0,6.0,2.95
539192,581217,85123A,WHITE HANGING HEART T-LIGHT HOLDER,1,12/8/2011 9:20,5.79,,United Kingdom,49,12,5.79,49.0,1.0,2.95
539947,581219,85123A,WHITE HANGING HEART T-LIGHT HOLDER,3,12/8/2011 9:28,5.79,,United Kingdom,49,12,17.37,49.0,1.0,5.79
540187,581238,85123a,WHITE HANGING HEART T-LIGHT HOLDER,7,12/8/2011 10:53,6.63,,United Kingdom,49,12,46.41,49.0,3.0,5.79
220989,581246,85123A,WHITE HANGING HEART T-LIGHT HOLDER,1,12/8/2011 10:59,2.95,15453.0,United Kingdom,49,12,2.95,49.0,7.0,6.63
310791,581253,85123A,WHITE HANGING HEART T-LIGHT HOLDER,2,12/8/2011 11:15,2.95,16891.0,United Kingdom,49,12,5.9,49.0,1.0,2.95
374483,581356,85123A,WHITE HANGING HEART T-LIGHT HOLDER,6,12/8/2011 12:28,2.95,17830.0,United Kingdom,49,12,17.700000000000003,49.0,2.0,2.95
363126,581452,85123A,WHITE HANGING HEART T-LIGHT HOLDER,32,12/8/2011 18:03,2.55,17675.0,United Kingdom,49,12,81.6,49.0,6.0,2.95
243446,581472,85123A,WHITE HANGING HEART T-LIGHT HOLDER,6,12/8/2011 19:55,2.95,15796.0,United Kingdom,49,12,17.700000000000003,49.0,32.0,2.55
350262,C537602,85123A,WHITE HANGING HEART T-LIGHT HOLDER,-1,12/7/2010 12:45,2.55,17511.0,United Kingdom,49,12,-2.55,49.0,6.0,2.95
94812,C538350,85123A,WHITE HANGING HEART T-LIGHT HOLDER,-1,12/10/2010 15:01,2.55,13798.0,United Kingdom,49,12,-2.55,49.0,-1.0,2.55
138339,C538834,85123A,WHITE HANGING HEART T-LIGHT HOLDER,-1,12/14/2010 13:06,2.95,14415.0,United Kingdom,50,12,-2.95,49.0,-1.0,2.55
256871,C539329,85123A,WHITE HANGING HEART T-LIGHT HOLDER,-500,12/17/2010 9:37,2.55,16013.0,United Kingdom,50,12,-1275.0,50.0,-1.0,2.95
180599,C539576,85123A,WHITE HANGING HEART T-LIGHT HOLDER,-24,12/20/2010 12:25,2.95,14911.0,EIRE,51,12,-70.80000000000001,50.0,-500.0,2.55
333500,C539832,85123A,WHITE HANGING HEART T-LIGHT HOLDER,-1,12/22/2010 13:20,2.55,17239.0,United Kingdom,51,12,-2.55,51.0,-24.0,2.95
330610,C540244,85123A,WHITE HANGING HEART T-LIGHT HOLDER,-1,1/5/2011 15:40,2.95,17213.0,United Kingdom,1,1,-2.95,51.0,-1.0,2.55
332130,C540403,85123A,WHITE HANGING HEART T-LIGHT HOLDER,-1,1/7/2011 9:32,2.55,17230.0,United Kingdom,1,1,-2.55,1.0,-1.0,2.95
170123,C540837,85123A,WHITE HANGING HEART T-LIGHT HOLDER,-1,1/11/2011 15:02,2.55,14733.0,United Kingdom,2,1,-2.55,1.0,-1.0,2.55
130600,C541415,85123A,WHITE HANGING HEART T-LIGHT HOLDER,-1,1/17/2011 16:20,2.55,14292.0,United Kingdom,3,1,-2.55,2.0,-1.0,2.55
133408,C541710,85123A,WHITE HANGING HEART T-LIGHT HOLDER,-3,1/21/2011 11:17,2.95,14320.0,United Kingdom,3,1,-8.850000000000001,3.0,-1.0,2.55
304578,C541885,85123A,WHITE HANGING HEART T-LIGHT HOLDER,-1,1/24/2011 11:14,2.95,16782.0,United Kingdom,4,1,-2.95,3.0,-3.0,2.95
394559,C542424,85123A,WHITE HANGING HEART T-LIGHT HOLDER,-3,1/28/2011 9:18,2.95,18075.0,United Kingdom,4,1,-8.850000000000001,4.0,-1.0,2.95
158906,C542792,85123A,WHITE HANGING HEART T-LIGHT HOLDER,-1,2/1/2011 10:49,2.95,14627.0,United Kingdom,5,2,-2.95,4.0,-3.0,2.95
350419,C542910,85123A,WHITE HANGING HEART T-LIGHT HOLDER,-1,2/1/2011 15:38,2.55,17511.0,United Kingdom,5,2,-2.55,5.0,-1.0,2.95
208969,C543791,85123A,WHITE HANGING HEART T-LIGHT HOLDER,-1,2/11/2011 17:13,2.55,15270.0,United Kingdom,6,2,-2.55,5.0,-1.0,2.55
107446,C545852,85123A,WHITE HANGING HEART T-LIGHT HOLDER,-8,3/7/2011 13:49,2.95,14048.0,United Kingdom,10,3,-23.6,6.0,-1.0,2.55
134686,C546519,85123A,WHITE HANGING HEART T-LIGHT HOLDER,-1,3/14/2011 12:27,2.95,14350.0,United Kingdom,11,3,-2.95,10.0,-8.0,2.95
94347,C548513,85123A,WHITE HANGING HEART T-LIGHT HOLDER,-8,3/31/2011 15:54,2.55,13777.0,United Kingdom,13,3,-20.4,11.0,-1.0,2.95
235979,C548972,85123A,WHITE HANGING HEART T-LIGHT HOLDER,-6,4/5/2011 11:42,2.95,15674.0,United Kingdom,14,4,-17.700000000000003,13.0,-8.0,2.55
240740,C550456,85123A,WHITE HANGING HEART T-LIGHT HOLDER,-1930,4/18/2011 13:08,2.55,15749.0,United Kingdom,16,4,-4921.5,14.0,-6.0,2.95
135320,C552849,85123A,WHITE HANGING HEART T-LIGHT HOLDER,-12,5/11/2011 14:52,2.95,14367.0,United Kingdom,19,5,-35.400000000000006,16.0,-1930.0,2.55
68887,C554333,85123A,WHITE HANGING HEART T-LIGHT HOLDER,-3,5/23/2011 17:15,2.95,13310.0,United Kingdom,21,5,-8.850000000000001,19.0,-12.0,2.95
54591,C556293,85123A,WHITE HANGING HEART T-LIGHT HOLDER,-18,6/10/2011 9:30,2.95,13094.0,United Kingdom,23,6,-53.1,21.0,-3.0,2.95
190607,C556888,85123A,WHITE HANGING HEART T-LIGHT HOLDER,-1,6/15/2011 12:37,2.95,15005.0,United Kingdom,24,6,-2.95,23.0,-18.0,2.95
49202,C559486,85123A,WHITE HANGING HEART T-LIGHT HOLDER,-1,7/8/2011 13:51,2.95,13047.0,United Kingdom,27,7,-2.95,24.0,-1.0,2.95
297911,C560409,85123A,WHITE HANGING HEART T-LIGHT HOLDER,-6,7/18/2011 14:24,2.95,16717.0,United Kingdom,29,7,-17.700000000000003,27.0,-1.0,2.95
51926,C562124,85123A,WHITE HANGING HEART T-LIGHT HOLDER,-3,8/2/2011 17:23,2.55,13081.0,United Kingdom,31,8,-7.6499999999999995,29.0,-6.0,2.95
350879,C562709,85123A,WHITE HANGING HEART T-LIGHT HOLDER,-1,8/8/2011 14:32,2.55,17511.0,United Kingdom,32,8,-2.55,31.0,-3.0,2.55
132749,C562961,85123A,WHITE HANGING HEART T-LIGHT HOLDER,-6,8/11/2011 10:24,2.95,14305.0,United Kingdom,32,8,-17.700000000000003,32.0,-1.0,2.55
301908,C563553,85123A,WHITE HANGING HEART T-LIGHT HOLDER,-1,8/17/2011 13:14,2.95,16755.0,United Kingdom,33,8,-2.95,32.0,-6.0,2.95
132565,C565237,85123A,WHITE HANGING HEART T-LIGHT HOLDER,-8,9/2/2011 9:47,2.95,14299.0,United Kingdom,35,9,-23.6,33.0,-1.0,2.95
293502,C566471,85123A,WHITE HANGING HEART T-LIGHT HOLDER,-1,9/12/2011 18:18,2.95,16670.0,United Kingdom,37,9,-2.95,35.0,-8.0,2.95
241572,C567348,85123A,WHITE HANGING HEART T-LIGHT HOLDER,-1,9/19/2011 15:57,2.95,15755.0,United Kingdom,38,9,-2.95,37.0,-1.0,2.95
348145,C567767,85123A,WHITE HANGING HEART T-LIGHT HOLDER,-12,9/22/2011 10:58,2.95,17460.0,United Kingdom,38,9,-35.400000000000006,38.0,-1.0,2.95
393232,C569548,85123A,WHITE HANGING HEART T-LIGHT HOLDER,-1,10/4/2011 17:31,2.95,18053.0,United Kingdom,40,10,-2.95,38.0,-12.0,2.95
323211,C571856,85123A,WHITE HANGING HEART T-LIGHT HOLDER,-1,10/19/2011 13:37,2.95,17063.0,United Kingdom,42,10,-2.95,40.0,-1.0,2.95
17646,C576216,85123A,WHITE HANGING HEART T-LIGHT HOLDER,-3,11/14/2011 12:56,2.95,12584.0,Italy,46,11,-8.850000000000001,42.0,-1.0,2.95
252606,C576243,85123A,WHITE HANGING HEART T-LIGHT HOLDER,-1,11/14/2011 13:38,2.55,15953.0,United Kingdom,46,11,-2.55,46.0,-3.0,2.95
381909,C577547,85123A,WHITE HANGING HEART T-LIGHT HOLDER,-1,11/20/2011 14:48,2.95,17841.0,United Kingdom,46,11,-2.95,46.0,-1.0,2.55
94450,C579752,85123A,WHITE HANGING HEART T-LIGHT HOLDER,-1,11/30/2011 14:46,2.55,13777.0,United Kingdom,48,11,-2.55,46.0,-1.0,2.95
302881,C580805,85123A,WHITE HANGING HEART T-LIGHT HOLDER,-1,12/6/2011 11:23,2.95,16764.0,United Kingdom,49,12,-2.95,48.0,-1.0,2.55
