,InvoiceNo,StockCode,Description,Quantity,InvoiceDate,UnitPrice,CustomerID,Country,week,month,revenue,lag_q,lag_unit_price,lag_week
241673,552654,23084,RABBIT NIGHT LIGHT,2,5/10/2011 14:20,2.08,15756.0,United Kingdom,19,5,4.16,,,
73847,552724,23084,RABBIT NIGHT LIGHT,6,5/11/2011 10:29,2.08,13418.0,United Kingdom,19,5,12.48,2.0,2.08,19.0
363299,552811,23084,RABBIT NIGHT LIGHT,24,5/11/2011 12:43,1.79,17677.0,United Kingdom,19,5,42.96,6.0,2.08,19.0
225470,552816,23084,RABBIT NIGHT LIGHT,1,5/11/2011 12:47,2.08,15521.0,United Kingdom,19,5,2.08,24.0,1.79,19.0
225514,552822,23084,RABBIT NIGHT LIGHT,30,5/11/2011 12:59,1.79,15521.0,United Kingdom,19,5,53.7,1.0,2.08,19.0
108631,552824,23084,RABBIT NIGHT LIGHT,3,5/11/2011 13:16,2.08,14056.0,United Kingdom,19,5,6.24,30.0,1.79,19.0
87639,552828,23084,RABBIT NIGHT LIGHT,6,5/11/2011 13:23,2.08,13662.0,United Kingdom,19,5,12.48,3.0,2.08,19.0
22094,552844,23084,RABBIT NIGHT LIGHT,18,5/11/2011 14:37,2.08,12649.0,Germany,19,5,37.44,6.0,2.08,19.0
29039,552851,23084,RABBIT NIGHT LIGHT,120,5/11/2011 15:07,1.79,12731.0,France,19,5,214.8,18.0,2.08,19.0
462555,552862,23084,RABBIT NIGHT LIGHT,1,5/11/2011 16:51,2.08,,United Kingdom,19,5,2.08,120.0,1.79,19.0
19881,552875,23084,RABBIT NIGHT LIGHT,48,5/12/2011 9:41,1.79,12621.0,Germany,19,5,85.92,1.0,2.08,19.0
160225,552882,23084,RABBIT NIGHT LIGHT,24,5/12/2011 10:10,2.08,14646.0,Netherlands,19,5,49.92,48.0,1.79,19.0
5802,552956,23084,RABBIT NIGHT LIGHT,12,5/12/2011 12:34,2.08,12431.0,Australia,19,5,24.96,24.0,2.08,19.0
77566,552965,23084,RABBIT NIGHT LIGHT,6,5/12/2011 13:10,2.08,13477.0,United Kingdom,19,5,12.48,12.0,2.08,19.0
462717,553013,23084,RABBIT NIGHT LIGHT,8,5/12/2011 18:19,2.08,,United Kingdom,19,5,16.64,6.0,2.08,19.0
75757,553014,23084,RABBIT NIGHT LIGHT,3,5/12/2011 18:49,2.08,13451.0,United Kingdom,19,5,6.24,8.0,2.08,19.0
24480,553044,23084,RABBIT NIGHT LIGHT,12,5/13/2011 9:24,2.08,12682.0,France,19,5,24.96,3.0,2.08,19.0
130418,553048,23084,RABBIT NIGHT LIGHT,6,5/13/2011 10:02,2.08,14291.0,United Kingdom,19,5,12.48,12.0,2.08,19.0
333119,553061,23084,RABBIT NIGHT LIGHT,6,5/13/2011 11:12,2.08,17238.0,United Kingdom,19,5,12.48,6.0,2.08,19.0
369991,553129,23084,RABBIT NIGHT LIGHT,4,5/13/2011 12:34,2.08,17765.0,United Kingdom,19,5,8.32,6.0,2.08,19.0
463072,553175,23084,RABBIT NIGHT LIGHT,1,5/15/2011 11:17,2.08,,United Kingdom,19,5,2.08,4.0,2.08,19.0
272628,553194,23084,RABBIT NIGHT LIGHT,3,5/15/2011 13:37,2.08,16283.0,United Kingdom,19,5,6.24,1.0,2.08,19.0
23249,553208,23084,RABBIT NIGHT LIGHT,6,5/16/2011 9:10,2.08,12674.0,France,20,5,12.48,3.0,2.08,19.0
290451,553221,23084,RABBIT NIGHT LIGHT,6,5/16/2011 9:58,2.08,16607.0,United Kingdom,20,5,12.48,6.0,2.08,20.0
48046,553235,23084,RABBIT NIGHT LIGHT,6,5/16/2011 11:13,2.08,13018.0,United Kingdom,20,5,12.48,6.0,2.08,20.0
24495,553316,23084,RABBIT NIGHT LIGHT,6,5/16/2011 12:04,2.08,12682.0,France,20,5,12.48,6.0,2.08,20.0
463227,553387,23084,RABBIT NIGHT LIGHT,2,5/16/2011 16:33,4.13,,United Kingdom,20,5,8.26,6.0,2.08,20.0
251177,553388,23084,RABBIT NIGHT LIGHT,2,5/16/2011 16:36,2.08,15910.0,United Kingdom,20,5,4.16,2.0,4.13,20.0
463376,553389,23084,RABBIT NIGHT LIGHT,1,5/16/2011 16:37,4.13,,United Kingdom,20,5,4.13,2.0,2.08,20.0
463475,553393,23084,RABBIT NIGHT LIGHT,4,5/16/2011 16:46,4.13,,United Kingdom,20,5,16.52,1.0,4.13,20.0
386348,553402,23084,RABBIT NIGHT LIGHT,4,5/16/2011 17:13,2.08,17898.0,United Kingdom,20,5,8.32,4.0,4.13,20.0
27473,553411,23084,RABBIT NIGHT LIGHT,12,5/17/2011 9:28,2.08,12714.0,France,20,5,24.96,4.0,2.08,20.0
8277,553415,23084,RABBIT NIGHT LIGHT,6,5/17/2011 10:02,2.08,12463.0,Belgium,20,5,12.48,12.0,2.08,20.0
98554,553417,23084,RABBIT NIGHT LIGHT,6,5/17/2011 10:08,2.08,13871.0,United Kingdom,20,5,12.48,6.0,2.08,20.0
240052,553489,23084,RABBIT NIGHT LIGHT,6,5/17/2011 12:43,2.08,15730.0,United Kingdom,20,5,12.48,6.0,2.08,20.0
106430,553537,23084,RABBIT NIGHT LIGHT,12,5/17/2011 15:25,2.08,14032.0,United Kingdom,20,5,24.96,6.0,2.08,20.0
246995,553538,23084,RABBIT NIGHT LIGHT,6,5/17/2011 15:26,2.08,15855.0,United Kingdom,20,5,12.48,12.0,2.08,20.0
9709,553547,23084,RABBIT NIGHT LIGHT,18,5/17/2011 15:48,2.08,12474.0,Germany,20,5,37.44,6.0,2.08,20.0
464082,553549,23084,RABBIT NIGHT LIGHT,1,5/17/2011 16:09,4.13,,United Kingdom,20,5,4.13,18.0,2.08,20.0
265408,553553,23084,RABBIT NIGHT LIGHT,12,5/17/2011 16:32,2.08,16156.0,United Kingdom,20,5,24.96,1.0,4.13,20.0
25692,553566,23084,RABBIT NIGHT LIGHT,12,5/18/2011 9:09,2.08,12690.0,France,20,5,24.96,12.0,2.08,20.0
295597,553653,23084,RABBIT NIGHT LIGHT,24,5/18/2011 11:08,1.79,16701.0,United Kingdom,20,5,42.96,12.0,2.08,20.0
61371,553703,23084,RABBIT NIGHT LIGHT,6,5/18/2011 14:57,2.08,13192.0,United Kingdom,20,5,12.48,24.0,1.79,20.0
97546,553706,23084,RABBIT NIGHT LIGHT,6,5/18/2011 15:23,2.08,13854.0,United Kingdom,20,5,12.48,6.0,2.08,20.0
464241,553718,23084,RABBIT NIGHT LIGHT,2,5/18/2011 16:14,4.13,,United Kingdom,20,5,8.26,6.0,2.08,20.0
340155,553833,23084,RABBIT NIGHT LIGHT,2,5/19/2011 11:41,2.08,17346.0,United Kingdom,20,5,4.16,2.0,4.13,20.0
205415,553834,23084,RABBIT NIGHT LIGHT,12,5/19/2011 11:47,2.08,15189.0,United Kingdom,20,5,24.96,2.0,2.08,20.0
320299,553837,23084,RABBIT NIGHT LIGHT,12,5/19/2011 12:09,2.08,17017.0,United Kingdom,20,5,24.96,12.0,2.08,20.0
376859,553860,23084,RABBIT NIGHT LIGHT,1,5/19/2011 13:57,2.08,17841.0,United Kingdom,20,5,2.08,12.0,2.08,20.0
18555,553884,23084,RABBIT NIGHT LIGHT,12,5/19/2011 15:36,2.08,12600.0,Germany,20,5,24.96,1.0,2.08,20.0
464684,553890,23084,RABBIT NIGHT LIGHT,3,5/19/2011 16:32,4.13,,United Kingdom,20,5,12.39,12.0,2.08,20.0
181868,553901,23084,RABBIT NIGHT LIGHT,6,5/19/2011 17:48,2.08,14911.0,EIRE,20,5,12.48,3.0,4.13,20.0
206847,553996,23084,RABBIT NIGHT LIGHT,12,5/20/2011 11:33,2.08,15220.0,United Kingdom,20,5,24.96,6.0,2.08,20.0
24499,554109,23084,RABBIT NIGHT LIGHT,24,5/22/2011 14:33,1.79,12682.0,France,20,5,42.96,12.0,2.08,20.0
92939,554117,23084,RABBIT NIGHT LIGHT,6,5/22/2011 15:12,2.08,13758.0,United Kingdom,20,5,12.48,24.0,1.79,20.0
5109,554147,23084,RABBIT NIGHT LIGHT,6,5/23/2011 10:48,2.08,12423.0,Belgium,21,5,12.48,6.0,2.08,20.0
376924,554160,23084,RABBIT NIGHT LIGHT,1,5/23/2011 11:49,2.08,17841.0,United Kingdom,21,5,2.08,6.0,2.08,21.0
212242,554268,23084,RABBIT NIGHT LIGHT,1,5/23/2011 12:59,2.08,15311.0,United Kingdom,21,5,2.08,1.0,2.08,21.0
23123,554356,23084,RABBIT NIGHT LIGHT,18,5/24/2011 9:25,2.08,12670.0,France,21,5,37.44,1.0,2.08,21.0
361433,554371,23084,RABBIT NIGHT LIGHT,24,5/24/2011 10:42,1.79,17659.0,United Kingdom,21,5,42.96,18.0,2.08,21.0
274482,554494,23084,RABBIT NIGHT LIGHT,1,5/24/2011 14:00,2.08,16327.0,United Kingdom,21,5,2.08,24.0,1.79,21.0
245196,554497,23084,RABBIT NIGHT LIGHT,6,5/24/2011 14:38,2.08,15819.0,United Kingdom,21,5,12.48,1.0,2.08,21.0
130239,554502,23084,RABBIT NIGHT LIGHT,6,5/24/2011 14:47,2.08,14289.0,United Kingdom,21,5,12.48,6.0,2.08,21.0
465176,554511,23084,RABBIT NIGHT LIGHT,2,5/24/2011 15:52,4.13,,United Kingdom,21,5,8.26,6.0,2.08,21.0
465435,554512,23084,RABBIT NIGHT LIGHT,2,5/24/2011 15:54,4.13,,United Kingdom,21,5,8.26,2.0,4.13,21.0
465598,554514,23084,RABBIT NIGHT LIGHT,1,5/24/2011 15:58,4.13,,United Kingdom,21,5,4.13,2.0,4.13,21.0
55843,554545,23084,RABBIT NIGHT LIGHT,12,5/25/2011 9:35,2.08,13102.0,United Kingdom,21,5,24.96,1.0,4.13,21.0
55853,554547,23084,RABBIT NIGHT LIGHT,12,5/25/2011 9:37,2.08,13102.0,United Kingdom,21,5,24.96,12.0,2.08,21.0
15845,554648,23084,RABBIT NIGHT LIGHT,24,5/25/2011 12:44,1.79,12562.0,France,21,5,42.96,12.0,2.08,21.0
24001,554650,23084,RABBIT NIGHT LIGHT,24,5/25/2011 12:54,1.79,12681.0,France,21,5,42.96,24.0,1.79,21.0
465839,554653,23084,RABBIT NIGHT LIGHT,1,5/25/2011 13:33,2.08,,United Kingdom,21,5,2.08,24.0,1.79,21.0
84525,554666,23084,RABBIT NIGHT LIGHT,6,5/25/2011 14:54,2.08,13599.0,United Kingdom,21,5,12.48,1.0,2.08,21.0
465985,554694,23084,RABBIT NIGHT LIGHT,1,5/25/2011 17:06,4.13,,United Kingdom,21,5,4.13,6.0,2.08,21.0
19160,554699,23084,RABBIT NIGHT LIGHT,6,5/26/2011 9:17,2.08,12613.0,Germany,21,5,12.48,1.0,4.13,21.0
61843,554818,23084,RABBIT NIGHT LIGHT,12,5/26/2011 14:09,2.08,13199.0,United Kingdom,21,5,24.96,6.0,2.08,21.0
160354,554827,23084,RABBIT NIGHT LIGHT,240,5/26/2011 15:19,2.08,14646.0,Netherlands,21,5,499.20000000000005,12.0,2.08,21.0
108717,554839,23084,RABBIT NIGHT LIGHT,5,5/26/2011 17:15,2.08,14056.0,United Kingdom,21,5,10.4,240.0,2.08,21.0
321207,554858,23084,RABBIT NIGHT LIGHT,6,5/27/2011 10:15,2.08,17042.0,United Kingdom,21,5,12.48,5.0,2.08,21.0
21040,554861,23084,RABBIT NIGHT LIGHT,6,5/27/2011 10:29,2.08,12633.0,Germany,21,5,12.48,6.0,2.08,21.0
11910,554940,23084,RABBIT NIGHT LIGHT,6,5/27/2011 13:49,2.08,12494.0,France,21,5,12.48,6.0,2.08,21.0
377042,554942,23084,RABBIT NIGHT LIGHT,2,5/27/2011 14:01,2.08,17841.0,United Kingdom,21,5,4.16,6.0,2.08,21.0
112355,554949,23084,RABBIT NIGHT LIGHT,12,5/27/2011 14:44,2.08,14092.0,United Kingdom,21,5,24.96,2.0,2.08,21.0
466319,554958,23084,RABBIT NIGHT LIGHT,1,5/27/2011 15:17,4.13,,United Kingdom,21,5,4.13,12.0,2.08,21.0
294742,554992,23084,RABBIT NIGHT LIGHT,3,5/29/2011 14:08,2.08,16686.0,United Kingdom,21,5,6.24,1.0,4.13,21.0
294736,554992,23084,RABBIT NIGHT LIGHT,1,5/29/2011 14:08,2.08,16686.0,United Kingdom,21,5,2.08,3.0,2.08,21.0
301287,554997,23084,RABBIT NIGHT LIGHT,6,5/29/2011 15:35,2.08,16746.0,United Kingdom,21,5,12.48,1.0,2.08,21.0
24511,555096,23084,RABBIT NIGHT LIGHT,72,5/31/2011 13:32,1.79,12682.0,France,22,5,128.88,6.0,2.08,21.0
377111,555110,23084,RABBIT NIGHT LIGHT,1,5/31/2011 14:34,2.08,17841.0,United Kingdom,22,5,2.08,72.0,1.79,22.0
377093,555110,23084,RABBIT NIGHT LIGHT,1,5/31/2011 14:34,2.08,17841.0,United Kingdom,22,5,2.08,1.0,2.08,22.0
466551,555149,23084,RABBIT NIGHT LIGHT,2,5/31/2011 15:49,4.13,,United Kingdom,22,5,8.26,1.0,2.08,22.0
466746,555150,23084,RABBIT NIGHT LIGHT,1,5/31/2011 15:53,4.13,,United Kingdom,22,5,4.13,2.0,4.13,22.0
5118,555161,23084,RABBIT NIGHT LIGHT,24,6/1/2011 9:26,1.79,12423.0,Belgium,22,6,42.96,1.0,4.13,22.0
207663,555195,23084,RABBIT NIGHT LIGHT,6,6/1/2011 11:27,2.08,15240.0,United Kingdom,22,6,12.48,24.0,1.79,22.0
174830,555245,23084,RABBIT NIGHT LIGHT,3,6/1/2011 14:12,2.08,14800.0,United Kingdom,22,6,6.24,6.0,2.08,22.0
466924,555275,23084,RABBIT NIGHT LIGHT,2,6/1/2011 17:18,4.13,,United Kingdom,22,6,8.26,3.0,2.08,22.0
467152,555276,23084,RABBIT NIGHT LIGHT,1,6/1/2011 17:28,4.13,,United Kingdom,22,6,4.13,2.0,4.13,22.0
467322,555277,23084,RABBIT NIGHT LIGHT,1,6/1/2011 17:30,4.13,,United Kingdom,22,6,4.13,1.0,4.13,22.0
467388,555278,23084,RABBIT NIGHT LIGHT,3,6/1/2011 17:33,4.13,,United Kingdom,22,6,12.39,1.0,4.13,22.0
131635,555284,23084,RABBIT NIGHT LIGHT,12,6/2/2011 9:37,2.08,14298.0,United Kingdom,22,6,24.96,3.0,4.13,22.0
212324,555344,23084,RABBIT NIGHT LIGHT,2,6/2/2011 11:45,2.08,15311.0,United Kingdom,22,6,4.16,12.0,2.08,22.0
467969,555397,23084,RABBIT NIGHT LIGHT,3,6/2/2011 17:26,4.13,,United Kingdom,22,6,12.39,2.0,2.08,22.0
468183,555510,23084,RABBIT NIGHT LIGHT,1,6/3/2011 17:09,4.13,,United Kingdom,22,6,4.13,3.0,4.13,22.0
468299,555722,23084,RABBIT NIGHT LIGHT,2,6/6/2011 16:06,4.13,,United Kingdom,23,6,8.26,1.0,4.13,22.0
108761,556106,23084,RABBIT NIGHT LIGHT,10,6/8/2011 16:54,2.08,14056.0,United Kingdom,23,6,20.8,2.0,4.13,23.0
66469,556112,23084,RABBIT NIGHT LIGHT,6,6/9/2011 9:28,2.08,13265.0,United Kingdom,23,6,12.48,10.0,2.08,23.0
18043,556119,23084,RABBIT NIGHT LIGHT,24,6/9/2011 10:05,1.79,12594.0,Italy,23,6,42.96,6.0,2.08,23.0
247013,556121,23084,RABBIT NIGHT LIGHT,6,6/9/2011 10:09,2.08,15855.0,United Kingdom,23,6,12.48,24.0,1.79,23.0
3347,556127,23084,RABBIT NIGHT LIGHT,12,6/9/2011 10:23,2.08,12406.0,Denmark,23,6,24.96,6.0,2.08,23.0
11102,556194,23084,RABBIT NIGHT LIGHT,24,6/9/2011 12:20,1.79,12483.0,Sweden,23,6,42.96,12.0,2.08,23.0
266328,556199,23084,RABBIT NIGHT LIGHT,6,6/9/2011 12:40,2.08,16170.0,United Kingdom,23,6,12.48,24.0,1.79,23.0
86,556201,23084,RABBIT NIGHT LIGHT,12,6/9/2011 13:01,2.08,12347.0,Iceland,23,6,24.96,6.0,2.08,23.0
3249,556203,23084,RABBIT NIGHT LIGHT,12,6/9/2011 13:09,2.08,12399.0,Belgium,23,6,24.96,12.0,2.08,23.0
106953,556208,23084,RABBIT NIGHT LIGHT,6,6/9/2011 13:51,2.08,14040.0,United Kingdom,23,6,12.48,12.0,2.08,23.0
367055,556218,23084,RABBIT NIGHT LIGHT,12,6/9/2011 14:18,2.08,17731.0,United Kingdom,23,6,24.96,6.0,2.08,23.0
367068,556219,23084,RABBIT NIGHT LIGHT,12,6/9/2011 14:19,2.08,17731.0,United Kingdom,23,6,24.96,12.0,2.08,23.0
344349,556230,23084,RABBIT NIGHT LIGHT,6,6/9/2011 14:45,2.08,17402.0,United Kingdom,23,6,12.48,12.0,2.08,23.0
18149,556241,23084,RABBIT NIGHT LIGHT,6,6/9/2011 16:04,2.08,12597.0,Spain,23,6,12.48,6.0,2.08,23.0
249112,556244,23084,RABBIT NIGHT LIGHT,7,6/9/2011 16:08,2.08,15867.0,United Kingdom,23,6,14.56,6.0,2.08,23.0
236595,556248,23084,RABBIT NIGHT LIGHT,12,6/9/2011 16:33,2.08,15681.0,United Kingdom,23,6,24.96,7.0,2.08,23.0
133064,556256,23084,RABBIT NIGHT LIGHT,6,6/9/2011 17:37,2.08,14309.0,United Kingdom,23,6,12.48,12.0,2.08,23.0
152534,556279,23084,RABBIT NIGHT LIGHT,1,6/9/2011 19:55,2.08,14562.0,United Kingdom,23,6,2.08,6.0,2.08,23.0
153584,556329,23084,RABBIT NIGHT LIGHT,2,6/10/2011 11:28,2.08,14573.0,United Kingdom,23,6,4.16,1.0,2.08,23.0
225947,556416,23084,RABBIT NIGHT LIGHT,1,6/10/2011 12:19,2.08,15527.0,United Kingdom,23,6,2.08,2.0,2.08,23.0
110668,556437,23084,RABBIT NIGHT LIGHT,12,6/10/2011 14:31,2.08,14077.0,United Kingdom,23,6,24.96,1.0,2.08,23.0
316440,556484,23084,RABBIT NIGHT LIGHT,2,6/12/2011 13:17,2.08,16938.0,United Kingdom,23,6,4.16,12.0,2.08,23.0
16347,556507,23084,RABBIT NIGHT LIGHT,6,6/13/2011 9:55,2.08,12567.0,France,24,6,12.48,2.0,2.08,23.0
182119,556510,23084,RABBIT NIGHT LIGHT,6,6/13/2011 10:36,2.08,14911.0,EIRE,24,6,12.48,6.0,2.08,24.0
268198,556527,23084,RABBIT NIGHT LIGHT,2,6/13/2011 11:33,2.08,16205.0,United Kingdom,24,6,4.16,6.0,2.08,24.0
27525,556529,23084,RABBIT NIGHT LIGHT,24,6/13/2011 11:41,1.79,12714.0,France,24,6,42.96,2.0,2.08,24.0
9223,556578,23084,RABBIT NIGHT LIGHT,24,6/13/2011 14:13,1.79,12472.0,Germany,24,6,42.96,24.0,1.79,24.0
206711,556721,23084,RABBIT NIGHT LIGHT,1,6/14/2011 11:23,2.08,15218.0,United Kingdom,24,6,2.08,24.0,1.79,24.0
471128,556813,23084,RABBIT NIGHT LIGHT,2,6/14/2011 17:28,4.13,,United Kingdom,24,6,8.26,1.0,2.08,24.0
24529,556819,23084,RABBIT NIGHT LIGHT,96,6/15/2011 10:21,1.79,12682.0,France,24,6,171.84,2.0,4.13,24.0
355007,556892,23084,RABBIT NIGHT LIGHT,6,6/15/2011 12:50,2.08,17581.0,United Kingdom,24,6,12.48,96.0,1.79,24.0
4218,556917,23084,RABBIT NIGHT LIGHT,240,6/15/2011 13:37,1.79,12415.0,Australia,24,6,429.6,6.0,2.08,24.0
471461,556924,23084,RABBIT NIGHT LIGHT,24,6/15/2011 14:14,1.79,,France,24,6,42.96,240.0,1.79,24.0
232678,556929,23084,RABBIT NIGHT LIGHT,24,6/15/2011 15:12,1.79,15611.0,United Kingdom,24,6,42.96,24.0,1.79,24.0
360198,557021,23084,RABBIT NIGHT LIGHT,6,6/16/2011 12:55,2.08,17642.0,United Kingdom,24,6,12.48,24.0,1.79,24.0
15892,557069,23084,RABBIT NIGHT LIGHT,24,6/16/2011 15:22,1.79,12562.0,France,24,6,42.96,6.0,2.08,24.0
471862,557112,23084,RABBIT NIGHT LIGHT,2,6/16/2011 16:31,4.13,,United Kingdom,24,6,8.26,24.0,1.79,24.0
235693,557120,23084,RABBIT NIGHT LIGHT,6,6/16/2011 17:12,2.08,15669.0,United Kingdom,24,6,12.48,2.0,4.13,24.0
56023,557132,23084,RABBIT NIGHT LIGHT,12,6/17/2011 8:57,2.08,13107.0,United Kingdom,24,6,24.96,6.0,2.08,24.0
54237,557143,23084,RABBIT NIGHT LIGHT,6,6/17/2011 10:12,2.08,13090.0,United Kingdom,24,6,12.48,12.0,2.08,24.0
3582,557147,23084,RABBIT NIGHT LIGHT,6,6/17/2011 10:51,2.08,12408.0,Belgium,24,6,12.48,6.0,2.08,24.0
266431,557208,23084,RABBIT NIGHT LIGHT,6,6/17/2011 11:38,2.08,16172.0,United Kingdom,24,6,12.48,6.0,2.08,24.0
363331,557214,23084,RABBIT NIGHT LIGHT,48,6/17/2011 12:20,1.79,17677.0,United Kingdom,24,6,85.92,6.0,2.08,24.0
54853,557268,23084,RABBIT NIGHT LIGHT,4,6/19/2011 11:26,2.08,13097.0,United Kingdom,24,6,8.32,48.0,1.79,24.0
370254,557271,23084,RABBIT NIGHT LIGHT,7,6/19/2011 11:41,2.08,17769.0,United Kingdom,24,6,14.56,4.0,2.08,24.0
295629,557280,23084,RABBIT NIGHT LIGHT,48,6/19/2011 12:19,1.79,16701.0,United Kingdom,24,6,85.92,7.0,2.08,24.0
28537,557295,23084,RABBIT NIGHT LIGHT,12,6/19/2011 13:37,2.08,12724.0,France,24,6,24.96,48.0,1.79,24.0
472106,557324,23084,RABBIT NIGHT LIGHT,1,6/20/2011 9:41,4.13,,United Kingdom,25,6,4.13,12.0,2.08,24.0
160488,557328,23084,RABBIT NIGHT LIGHT,1,6/20/2011 9:53,2.08,14646.0,Netherlands,25,6,2.08,1.0,4.13,25.0
130451,557330,23084,RABBIT NIGHT LIGHT,6,6/20/2011 10:20,2.08,14291.0,United Kingdom,25,6,12.48,1.0,2.08,25.0
175191,557442,23084,RABBIT NIGHT LIGHT,4,6/20/2011 12:53,2.08,14808.0,United Kingdom,25,6,8.32,6.0,2.08,25.0
297388,557468,23084,RABBIT NIGHT LIGHT,3,6/20/2011 13:14,2.08,16713.0,United Kingdom,25,6,6.24,4.0,2.08,25.0
11650,557489,23084,RABBIT NIGHT LIGHT,24,6/20/2011 14:58,1.79,12490.0,France,25,6,42.96,3.0,2.08,25.0
61856,557490,23084,RABBIT NIGHT LIGHT,48,6/20/2011 15:06,1.79,13199.0,United Kingdom,25,6,85.92,24.0,1.79,25.0
472575,557500,23084,RABBIT NIGHT LIGHT,8,6/20/2011 15:27,4.13,,United Kingdom,25,6,33.04,48.0,1.79,25.0
472768,557502,23084,RABBIT NIGHT LIGHT,6,6/20/2011 15:32,4.13,,United Kingdom,25,6,24.78,8.0,4.13,25.0
205455,557529,23084,RABBIT NIGHT LIGHT,24,6/21/2011 9:58,1.79,15189.0,United Kingdom,25,6,42.96,6.0,4.13,25.0
389002,557622,23084,RABBIT NIGHT LIGHT,1,6/21/2011 14:15,2.08,17960.0,United Kingdom,25,6,2.08,24.0,1.79,25.0
60814,557630,23084,RABBIT NIGHT LIGHT,6,6/21/2011 14:53,2.08,13178.0,United Kingdom,25,6,12.48,1.0,2.08,25.0
232533,557667,23084,RABBIT NIGHT LIGHT,24,6/22/2011 8:30,1.79,15606.0,United Kingdom,25,6,42.96,6.0,2.08,25.0
23253,557669,23084,RABBIT NIGHT LIGHT,24,6/22/2011 9:43,1.79,12674.0,France,25,6,42.96,24.0,1.79,25.0
36941,557670,23084,RABBIT NIGHT LIGHT,288,6/22/2011 10:11,1.79,12798.0,Japan,25,6,515.52,24.0,1.79,25.0
243797,557676,23084,RABBIT NIGHT LIGHT,12,6/22/2011 10:28,2.08,15804.0,United Kingdom,25,6,24.96,288.0,1.79,25.0
240840,557745,23084,RABBIT NIGHT LIGHT,2,6/22/2011 12:16,2.08,15750.0,United Kingdom,25,6,4.16,12.0,2.08,25.0
77577,557749,23084,RABBIT NIGHT LIGHT,24,6/22/2011 12:44,1.79,13477.0,United Kingdom,25,6,42.96,2.0,2.08,25.0
196380,557787,23084,RABBIT NIGHT LIGHT,1,6/22/2011 16:16,2.08,15041.0,United Kingdom,25,6,2.08,24.0,1.79,25.0
26252,557803,23084,RABBIT NIGHT LIGHT,12,6/23/2011 10:20,2.08,12704.0,Finland,25,6,24.96,1.0,2.08,25.0
372099,557886,23084,RABBIT NIGHT LIGHT,8,6/23/2011 13:39,2.08,17799.0,United Kingdom,25,6,16.64,12.0,2.08,25.0
358230,557896,23084,RABBIT NIGHT LIGHT,2,6/23/2011 14:22,2.08,17611.0,United Kingdom,25,6,4.16,8.0,2.08,25.0
473488,557937,23084,RABBIT NIGHT LIGHT,3,6/23/2011 15:30,4.13,,United Kingdom,25,6,12.39,2.0,2.08,25.0
473640,557938,23084,RABBIT NIGHT LIGHT,2,6/23/2011 15:35,4.13,,United Kingdom,25,6,8.26,3.0,4.13,25.0
106450,558027,23084,RABBIT NIGHT LIGHT,24,6/24/2011 11:08,1.79,14032.0,United Kingdom,25,6,42.96,2.0,4.13,25.0
133082,558040,23084,RABBIT NIGHT LIGHT,48,6/24/2011 12:51,1.79,14309.0,United Kingdom,25,6,85.92,24.0,1.79,25.0
19304,558045,23084,RABBIT NIGHT LIGHT,12,6/24/2011 13:35,2.08,12615.0,France,25,6,24.96,48.0,1.79,25.0
344357,558079,23084,RABBIT NIGHT LIGHT,24,6/26/2011 11:01,1.79,17402.0,United Kingdom,25,6,42.96,12.0,2.08,25.0
176303,558084,23084,RABBIT NIGHT LIGHT,6,6/26/2011 11:47,2.08,14837.0,United Kingdom,25,6,12.48,24.0,1.79,25.0
235002,558105,23084,RABBIT NIGHT LIGHT,3,6/26/2011 14:54,2.08,15644.0,United Kingdom,25,6,6.24,6.0,2.08,25.0
11876,558124,23084,RABBIT NIGHT LIGHT,12,6/27/2011 10:17,2.08,12493.0,France,26,6,24.96,3.0,2.08,25.0
153897,558194,23084,RABBIT NIGHT LIGHT,1,6/27/2011 12:28,2.08,14583.0,United Kingdom,26,6,2.08,12.0,2.08,26.0
377615,558232,23084,RABBIT NIGHT LIGHT,1,6/27/2011 14:30,2.08,17841.0,United Kingdom,26,6,2.08,1.0,2.08,26.0
474370,558240,23084,RABBIT NIGHT LIGHT,1,6/27/2011 15:27,4.13,,United Kingdom,26,6,4.13,1.0,2.08,26.0
474457,558316,23084,RABBIT NIGHT LIGHT,2,6/28/2011 11:45,4.13,,United Kingdom,26,6,8.26,1.0,4.13,26.0
232680,558421,23084,RABBIT NIGHT LIGHT,24,6/29/2011 11:47,1.79,15611.0,United Kingdom,26,6,42.96,2.0,4.13,26.0
475105,558475,23084,RABBIT NIGHT LIGHT,25,6/29/2011 15:58,4.13,,United Kingdom,26,6,103.25,24.0,1.79,26.0
475437,558485,23084,RABBIT NIGHT LIGHT,1,6/30/2011 10:11,2.08,,United Kingdom,26,6,2.08,25.0,4.13,26.0
98589,558501,23084,RABBIT NIGHT LIGHT,6,6/30/2011 10:19,2.08,13871.0,United Kingdom,26,6,12.48,1.0,2.08,26.0
109600,558564,23084,RABBIT NIGHT LIGHT,40,6/30/2011 13:45,1.79,14057.0,United Kingdom,26,6,71.6,6.0,2.08,26.0
320331,558571,23084,RABBIT NIGHT LIGHT,48,6/30/2011 14:46,1.79,17017.0,United Kingdom,26,6,85.92,40.0,1.79,26.0
475688,558614,23084,RABBIT NIGHT LIGHT,2,6/30/2011 15:56,4.13,,United Kingdom,26,6,8.26,48.0,1.79,26.0
475889,558681,23084,RABBIT NIGHT LIGHT,1,7/1/2011 11:20,4.13,,United Kingdom,26,7,4.13,2.0,4.13,26.0
475907,558682,23084,RABBIT NIGHT LIGHT,1,7/1/2011 11:20,4.13,,United Kingdom,26,7,4.13,1.0,4.13,26.0
105627,558684,23084,RABBIT NIGHT LIGHT,6,7/1/2011 11:29,2.08,14016.0,EIRE,26,7,12.48,1.0,4.13,26.0
256382,558751,23084,RABBIT NIGHT LIGHT,3,7/3/2011 11:26,2.08,16009.0,United Kingdom,26,7,6.24,6.0,2.08,26.0
476187,558774,23084,RABBIT NIGHT LIGHT,1,7/4/2011 10:17,4.13,,United Kingdom,27,7,4.13,3.0,2.08,26.0
476494,558777,23084,RABBIT NIGHT LIGHT,5,7/4/2011 10:23,4.13,,United Kingdom,27,7,20.65,1.0,4.13,27.0
24561,558813,23084,RABBIT NIGHT LIGHT,72,7/4/2011 11:42,1.79,12682.0,France,27,7,128.88,5.0,4.13,27.0
476819,558837,23084,RABBIT NIGHT LIGHT,1,7/4/2011 11:58,4.13,,United Kingdom,27,7,4.13,72.0,1.79,27.0
477075,558904,23084,RABBIT NIGHT LIGHT,5,7/4/2011 16:18,4.13,,United Kingdom,27,7,20.65,1.0,4.13,27.0
477358,559039,23084,RABBIT NIGHT LIGHT,1,7/5/2011 15:32,4.13,,United Kingdom,27,7,4.13,5.0,4.13,27.0
477425,559042,23084,RABBIT NIGHT LIGHT,1,7/5/2011 15:34,4.13,,United Kingdom,27,7,4.13,1.0,4.13,27.0
478056,559052,23084,RABBIT NIGHT LIGHT,3,7/5/2011 16:53,4.13,,United Kingdom,27,7,12.39,1.0,4.13,27.0
478333,559055,23084,RABBIT NIGHT LIGHT,8,7/5/2011 17:09,4.13,,United Kingdom,27,7,33.04,3.0,4.13,27.0
278631,559120,23084,RABBIT NIGHT LIGHT,6,7/6/2011 12:18,2.08,16393.0,United Kingdom,27,7,12.48,8.0,4.13,27.0
333210,559128,23084,RABBIT NIGHT LIGHT,5,7/6/2011 12:39,2.08,17238.0,United Kingdom,27,7,10.4,6.0,2.08,27.0
383867,559133,23084,RABBIT NIGHT LIGHT,3,7/6/2011 13:13,2.08,17861.0,United Kingdom,27,7,6.24,5.0,2.08,27.0
212446,559141,23084,RABBIT NIGHT LIGHT,7,7/6/2011 13:56,2.08,15311.0,United Kingdom,27,7,14.56,3.0,2.08,27.0
478796,559162,23084,RABBIT NIGHT LIGHT,1,7/6/2011 16:29,4.13,,United Kingdom,27,7,4.13,7.0,2.08,27.0
479134,559163,23084,RABBIT NIGHT LIGHT,3,7/6/2011 16:33,4.13,,United Kingdom,27,7,12.39,1.0,4.13,27.0
479614,559338,23084,RABBIT NIGHT LIGHT,2,7/7/2011 16:30,4.13,,United Kingdom,27,7,8.26,3.0,4.13,27.0
480382,559506,23084,RABBIT NIGHT LIGHT,2,7/8/2011 15:17,4.13,,United Kingdom,27,7,8.26,2.0,4.13,27.0
175222,559529,23084,RABBIT NIGHT LIGHT,10,7/10/2011 12:03,2.08,14808.0,United Kingdom,27,7,20.8,2.0,4.13,27.0
327091,559542,23084,RABBIT NIGHT LIGHT,3,7/10/2011 13:32,2.08,17126.0,United Kingdom,27,7,6.24,10.0,2.08,27.0
327130,559543,23084,RABBIT NIGHT LIGHT,1,7/10/2011 13:46,2.08,17126.0,United Kingdom,27,7,2.08,3.0,2.08,27.0
480685,559689,23084,RABBIT NIGHT LIGHT,1,7/11/2011 15:46,2.08,,United Kingdom,28,7,2.08,1.0,2.08,27.0
480969,559693,23084,RABBIT NIGHT LIGHT,1,7/11/2011 16:21,4.13,,United Kingdom,28,7,4.13,1.0,2.08,28.0
481531,559816,23084,RABBIT NIGHT LIGHT,1,7/12/2011 16:11,4.13,,United Kingdom,28,7,4.13,1.0,4.13,28.0
481944,559817,23084,RABBIT NIGHT LIGHT,1,7/12/2011 16:20,4.13,,United Kingdom,28,7,4.13,1.0,4.13,28.0
23455,559889,23084,RABBIT NIGHT LIGHT,120,7/13/2011 11:48,1.79,12678.0,France,28,7,214.8,1.0,4.13,28.0
482393,560050,23084,RABBIT NIGHT LIGHT,2,7/14/2011 15:07,2.08,,United Kingdom,28,7,4.16,120.0,1.79,28.0
482565,560090,23084,RABBIT NIGHT LIGHT,1,7/14/2011 16:46,4.13,,United Kingdom,28,7,4.13,2.0,2.08,28.0
482952,560225,23084,RABBIT NIGHT LIGHT,1,7/15/2011 16:27,4.13,,United Kingdom,28,7,4.13,1.0,4.13,28.0
485012,560777,23084,RABBIT NIGHT LIGHT,1,7/21/2011 9:30,4.13,,United Kingdom,29,7,4.13,1.0,4.13,28.0
485046,560778,23084,RABBIT NIGHT LIGHT,1,7/21/2011 9:30,4.13,,United Kingdom,29,7,4.13,1.0,4.13,29.0
486917,561371,23084,RABBIT NIGHT LIGHT,1,7/26/2011 16:25,4.13,,United Kingdom,30,7,4.13,1.0,4.13,29.0
487238,561513,23084,RABBIT NIGHT LIGHT,2,7/27/2011 15:12,4.13,,United Kingdom,30,7,8.26,1.0,4.13,30.0
487353,561515,23084,RABBIT NIGHT LIGHT,7,7/27/2011 15:16,4.13,,United Kingdom,30,7,28.91,2.0,4.13,30.0
487587,561651,23084,RABBIT NIGHT LIGHT,2,7/28/2011 15:36,4.13,,United Kingdom,30,7,8.26,7.0,4.13,30.0
487796,561820,23084,RABBIT NIGHT LIGHT,1,7/29/2011 16:00,4.13,,United Kingdom,30,7,4.13,2.0,4.13,30.0
487986,562024,23084,RABBIT NIGHT LIGHT,2,8/1/2011 16:07,4.13,,United Kingdom,31,8,8.26,1.0,4.13,30.0
488411,562114,23084,RABBIT NIGHT LIGHT,1,8/2/2011 16:14,4.13,,United Kingdom,31,8,4.13,2.0,4.13,31.0
488908,562420,23084,RABBIT NIGHT LIGHT,3,8/4/2011 16:38,4.13,,United Kingdom,31,8,12.39,1.0,4.13,31.0
489654,562843,23084,RABBIT NIGHT LIGHT,1,8/9/2011 17:37,4.13,,United Kingdom,32,8,4.13,3.0,4.13,31.0
490045,562933,23084,RABBIT NIGHT LIGHT,1,8/10/2011 16:51,4.13,,United Kingdom,32,8,4.13,1.0,4.13,32.0
490370,562936,23084,RABBIT NIGHT LIGHT,1,8/10/2011 17:12,2.08,,United Kingdom,32,8,2.08,1.0,4.13,32.0
490473,562955,23084,RABBIT NIGHT LIGHT,7,8/11/2011 10:14,4.13,,United Kingdom,32,8,28.91,1.0,2.08,32.0
491605,563549,23084,RABBIT NIGHT LIGHT,1,8/17/2011 12:34,4.13,,United Kingdom,33,8,4.13,7.0,4.13,32.0
491879,564221,23084,RABBIT NIGHT LIGHT,3,8/24/2011 9:36,4.13,,United Kingdom,34,8,12.39,1.0,4.13,33.0
109051,564359,23084,RABBIT NIGHT LIGHT,4,8/24/2011 16:02,2.08,14056.0,United Kingdom,34,8,8.32,3.0,4.13,34.0
492106,564516,23084,RABBIT NIGHT LIGHT,2,8/25/2011 14:45,4.13,,United Kingdom,34,8,8.26,4.0,2.08,34.0
160915,564652,23084,RABBIT NIGHT LIGHT,480,8/26/2011 14:20,2.08,14646.0,Netherlands,34,8,998.4000000000001,2.0,4.13,34.0
232684,564712,23084,RABBIT NIGHT LIGHT,96,8/28/2011 10:40,1.79,15611.0,United Kingdom,34,8,171.84,480.0,2.08,34.0
235704,564717,23084,RABBIT NIGHT LIGHT,48,8/28/2011 11:19,1.79,15669.0,United Kingdom,34,8,85.92,96.0,1.79,34.0
266160,564723,23084,RABBIT NIGHT LIGHT,6,8/28/2011 12:11,2.08,16168.0,United Kingdom,34,8,12.48,48.0,1.79,34.0
394811,564726,23084,RABBIT NIGHT LIGHT,4,8/28/2011 12:29,2.08,18077.0,United Kingdom,34,8,8.32,6.0,2.08,34.0
294867,564727,23084,RABBIT NIGHT LIGHT,2,8/28/2011 12:31,2.08,16686.0,United Kingdom,34,8,4.16,4.0,2.08,34.0
61866,564728,23084,RABBIT NIGHT LIGHT,48,8/28/2011 12:43,1.79,13199.0,United Kingdom,34,8,85.92,2.0,2.08,34.0
315869,564739,23084,RABBIT NIGHT LIGHT,1,8/28/2011 14:28,2.08,16931.0,United Kingdom,34,8,2.08,48.0,1.79,34.0
262576,564741,23084,RABBIT NIGHT LIGHT,48,8/28/2011 14:53,1.79,16107.0,United Kingdom,34,8,85.92,1.0,2.08,34.0
340281,564742,23084,RABBIT NIGHT LIGHT,2,8/28/2011 15:01,2.08,17346.0,United Kingdom,34,8,4.16,48.0,1.79,34.0
359778,564746,23084,RABBIT NIGHT LIGHT,24,8/28/2011 15:58,1.79,17633.0,United Kingdom,34,8,42.96,2.0,2.08,34.0
493147,564758,23084,RABBIT NIGHT LIGHT,1,8/30/2011 10:39,4.13,,United Kingdom,35,8,4.13,24.0,1.79,34.0
493415,564760,23084,RABBIT NIGHT LIGHT,4,8/30/2011 10:47,4.13,,United Kingdom,35,8,16.52,1.0,4.13,35.0
43139,564814,23084,RABBIT NIGHT LIGHT,120,8/30/2011 11:54,1.79,12931.0,United Kingdom,35,8,214.8,4.0,4.13,35.0
493759,564818,23084,RABBIT NIGHT LIGHT,2,8/30/2011 12:10,4.13,,United Kingdom,35,8,8.26,120.0,1.79,35.0
37075,564819,23084,RABBIT NIGHT LIGHT,48,8/30/2011 12:11,1.79,12814.0,Poland,35,8,85.92,2.0,4.13,35.0
493943,564820,23084,RABBIT NIGHT LIGHT,1,8/30/2011 12:16,4.13,,United Kingdom,35,8,4.13,48.0,1.79,35.0
494233,564835,23084,RABBIT NIGHT LIGHT,1,8/30/2011 12:31,4.13,,United Kingdom,35,8,4.13,1.0,4.13,35.0
344364,564836,23084,RABBIT NIGHT LIGHT,96,8/30/2011 12:32,1.79,17402.0,United Kingdom,35,8,171.84,1.0,4.13,35.0
5127,564853,23084,RABBIT NIGHT LIGHT,24,8/31/2011 8:55,1.79,12423.0,Belgium,35,8,42.96,96.0,1.79,35.0
495140,564857,23084,RABBIT NIGHT LIGHT,2,8/31/2011 9:23,4.13,,United Kingdom,35,8,8.26,24.0,1.79,35.0
109669,564859,23084,RABBIT NIGHT LIGHT,216,8/31/2011 9:55,1.79,14057.0,United Kingdom,35,8,386.64,2.0,4.13,35.0
261811,564872,23084,RABBIT NIGHT LIGHT,24,8/31/2011 10:47,1.79,16083.0,United Kingdom,35,8,42.96,216.0,1.79,35.0
23462,564897,23084,RABBIT NIGHT LIGHT,288,8/31/2011 11:22,1.79,12678.0,France,35,8,515.52,24.0,1.79,35.0
24646,564906,23084,RABBIT NIGHT LIGHT,120,8/31/2011 12:18,1.79,12682.0,France,35,8,214.8,288.0,1.79,35.0
11677,564912,23084,RABBIT NIGHT LIGHT,24,8/31/2011 12:33,1.79,12490.0,France,35,8,42.96,120.0,1.79,35.0
336397,564959,23084,RABBIT NIGHT LIGHT,12,8/31/2011 14:22,2.08,17299.0,United Kingdom,35,8,24.96,24.0,1.79,35.0
363402,564965,23084,RABBIT NIGHT LIGHT,48,8/31/2011 15:07,1.79,17677.0,United Kingdom,35,8,85.92,12.0,2.08,35.0
361486,564967,23084,RABBIT NIGHT LIGHT,6,8/31/2011 15:13,2.08,17659.0,United Kingdom,35,8,12.48,48.0,1.79,35.0
20015,564972,23084,RABBIT NIGHT LIGHT,24,8/31/2011 15:30,1.79,12621.0,Germany,35,8,42.96,6.0,2.08,35.0
495376,564974,23084,RABBIT NIGHT LIGHT,1,8/31/2011 15:32,4.13,,United Kingdom,35,8,4.13,24.0,1.79,35.0
67831,565087,23084,RABBIT NIGHT LIGHT,6,9/1/2011 10:03,2.08,13276.0,United Kingdom,35,9,12.48,1.0,4.13,35.0
112397,565092,23084,RABBIT NIGHT LIGHT,18,9/1/2011 10:36,2.08,14092.0,United Kingdom,35,9,37.44,6.0,2.08,35.0
372170,565152,23084,RABBIT NIGHT LIGHT,6,9/1/2011 14:42,2.08,17799.0,United Kingdom,35,9,12.48,18.0,2.08,35.0
266164,565157,23084,RABBIT NIGHT LIGHT,48,9/1/2011 15:08,1.79,16168.0,United Kingdom,35,9,85.92,6.0,2.08,35.0
495596,565231,23084,RABBIT NIGHT LIGHT,1,9/2/2011 9:26,4.13,,United Kingdom,35,9,4.13,48.0,1.79,35.0
495765,565232,23084,RABBIT NIGHT LIGHT,1,9/2/2011 9:30,4.13,,United Kingdom,35,9,4.13,1.0,4.13,35.0
495988,565233,23084,RABBIT NIGHT LIGHT,8,9/2/2011 9:34,4.13,,United Kingdom,35,9,33.04,1.0,4.13,35.0
496120,565234,23084,RABBIT NIGHT LIGHT,4,9/2/2011 9:38,4.13,,United Kingdom,35,9,16.52,8.0,4.13,35.0
23135,565239,23084,RABBIT NIGHT LIGHT,6,9/2/2011 9:51,2.08,12670.0,France,35,9,12.48,4.0,4.13,35.0
496401,565303,23084,RABBIT NIGHT LIGHT,1,9/2/2011 12:17,2.08,,Unspecified,35,9,2.08,6.0,2.08,35.0
496850,565617,23084,RABBIT NIGHT LIGHT,2,9/5/2011 15:30,4.13,,United Kingdom,36,9,8.26,1.0,2.08,35.0
497150,565840,23084,RABBIT NIGHT LIGHT,1,9/7/2011 12:02,4.13,,United Kingdom,36,9,4.13,2.0,4.13,36.0
497384,565841,23084,RABBIT NIGHT LIGHT,1,9/7/2011 12:04,4.13,,United Kingdom,36,9,4.13,1.0,4.13,36.0
497593,565847,23084,RABBIT NIGHT LIGHT,2,9/7/2011 12:44,4.13,,United Kingdom,36,9,8.26,1.0,4.13,36.0
497760,565917,23084,RABBIT NIGHT LIGHT,1,9/7/2011 16:15,4.13,,United Kingdom,36,9,4.13,2.0,4.13,36.0
497997,565919,23084,RABBIT NIGHT LIGHT,1,9/7/2011 16:48,4.13,,United Kingdom,36,9,4.13,1.0,4.13,36.0
498610,566221,23084,RABBIT NIGHT LIGHT,2,9/9/2011 16:13,4.13,,United Kingdom,36,9,8.26,1.0,4.13,36.0
498883,566446,23084,RABBIT NIGHT LIGHT,4,9/12/2011 15:40,4.13,,United Kingdom,37,9,16.52,2.0,4.13,36.0
499063,566577,23084,RABBIT NIGHT LIGHT,1,9/13/2011 13:29,4.13,,United Kingdom,37,9,4.13,4.0,4.13,37.0
499216,566602,23084,RABBIT NIGHT LIGHT,1,9/13/2011 16:05,4.13,,United Kingdom,37,9,4.13,1.0,4.13,37.0
499726,566787,23084,RABBIT NIGHT LIGHT,5,9/15/2011 10:31,4.13,,United Kingdom,37,9,20.65,1.0,4.13,37.0
500293,566985,23084,RABBIT NIGHT LIGHT,2,9/16/2011 10:42,4.13,,United Kingdom,37,9,8.26,5.0,4.13,37.0
500703,567507,23084,RABBIT NIGHT LIGHT,7,9/20/2011 14:46,4.13,,United Kingdom,38,9,28.91,2.0,4.13,37.0
500861,567665,23084,RABBIT NIGHT LIGHT,1,9/21/2011 15:22,4.13,,United Kingdom,38,9,4.13,7.0,4.13,38.0
502024,567673,23084,RABBIT NIGHT LIGHT,2,9/21/2011 15:43,4.13,,United Kingdom,38,9,8.26,1.0,4.13,38.0
502299,567901,23084,RABBIT NIGHT LIGHT,9,9/22/2011 16:28,4.13,,United Kingdom,38,9,37.17,2.0,4.13,38.0
502499,568057,23084,RABBIT NIGHT LIGHT,1,9/23/2011 12:56,4.13,,United Kingdom,38,9,4.13,9.0,4.13,38.0
502695,568134,23084,RABBIT NIGHT LIGHT,8,9/23/2011 17:02,4.13,,United Kingdom,38,9,33.04,1.0,4.13,38.0
502962,568135,23084,RABBIT NIGHT LIGHT,7,9/23/2011 17:04,4.13,,United Kingdom,38,9,28.91,8.0,4.13,38.0
113353,568346,23084,RABBIT NIGHT LIGHT,18,9/26/2011 15:28,4.13,14096.0,United Kingdom,39,9,74.34,7.0,4.13,38.0
503149,568411,23084,RABBIT NIGHT LIGHT,3,9/27/2011 10:52,4.13,,United Kingdom,39,9,12.39,18.0,4.13,39.0
503443,568567,23084,RABBIT NIGHT LIGHT,7,9/27/2011 18:41,4.13,,United Kingdom,39,9,28.91,3.0,4.13,39.0
503701,568716,23084,RABBIT NIGHT LIGHT,10,9/28/2011 16:13,4.13,,United Kingdom,39,9,41.3,7.0,4.13,39.0
503891,568719,23084,RABBIT NIGHT LIGHT,7,9/28/2011 16:19,4.13,,United Kingdom,39,9,28.91,10.0,4.13,39.0
504174,568721,23084,RABBIT NIGHT LIGHT,7,9/28/2011 16:24,4.13,,United Kingdom,39,9,28.91,7.0,4.13,39.0
504598,569137,23084,RABBIT NIGHT LIGHT,6,9/30/2011 14:45,4.13,,United Kingdom,39,9,24.78,7.0,4.13,39.0
113659,569246,23084,RABBIT NIGHT LIGHT,3,10/3/2011 9:57,4.13,14096.0,United Kingdom,40,10,12.39,6.0,4.13,39.0
43159,569334,23084,RABBIT NIGHT LIGHT,360,10/3/2011 13:53,1.79,12931.0,United Kingdom,40,10,644.4,3.0,4.13,40.0
505249,569374,23084,RABBIT NIGHT LIGHT,2,10/3/2011 16:14,4.13,,United Kingdom,40,10,8.26,360.0,1.79,40.0
505708,569544,23084,RABBIT NIGHT LIGHT,1,10/4/2011 16:33,4.13,,United Kingdom,40,10,4.13,2.0,4.13,40.0
505831,569545,23084,RABBIT NIGHT LIGHT,4,10/4/2011 16:37,4.13,,United Kingdom,40,10,16.52,1.0,4.13,40.0
506235,569700,23084,RABBIT NIGHT LIGHT,2,10/5/2011 15:56,4.13,,United Kingdom,40,10,8.26,4.0,4.13,40.0
506541,569898,23084,RABBIT NIGHT LIGHT,1,10/6/2011 16:08,4.13,,United Kingdom,40,10,4.13,2.0,4.13,40.0
113972,570488,23084,RABBIT NIGHT LIGHT,2,10/10/2011 17:12,4.13,14096.0,United Kingdom,41,10,8.26,1.0,4.13,40.0
507555,570497,23084,RABBIT NIGHT LIGHT,1,10/11/2011 9:07,2.08,,United Kingdom,41,10,2.08,2.0,4.13,41.0
510235,571713,23084,RABBIT NIGHT LIGHT,9,10/18/2011 16:58,4.13,,United Kingdom,42,10,37.17,1.0,2.08,41.0
510437,571714,23084,RABBIT NIGHT LIGHT,4,10/18/2011 17:00,4.13,,United Kingdom,42,10,16.52,9.0,4.13,42.0
510658,571716,23084,RABBIT NIGHT LIGHT,1,10/18/2011 17:05,4.13,,United Kingdom,42,10,4.13,4.0,4.13,42.0
157828,572847,23084,RABBIT NIGHT LIGHT,1,10/26/2011 12:15,2.08,14606.0,United Kingdom,43,10,2.08,1.0,4.13,42.0
295695,572857,23084,RABBIT NIGHT LIGHT,72,10/26/2011 12:31,1.79,16701.0,United Kingdom,43,10,128.88,1.0,2.08,43.0
36947,572869,23084,RABBIT NIGHT LIGHT,960,10/26/2011 13:21,1.79,12798.0,Japan,43,10,1718.4,72.0,1.79,43.0
73524,572870,23084,RABBIT NIGHT LIGHT,24,10/26/2011 13:22,1.79,13408.0,United Kingdom,43,10,42.96,960.0,1.79,43.0
365493,572875,23084,RABBIT NIGHT LIGHT,12,10/26/2011 13:31,1.67,17706.0,United Kingdom,43,10,20.04,24.0,1.79,43.0
56059,572900,23084,RABBIT NIGHT LIGHT,60,10/26/2011 14:52,1.79,13107.0,United Kingdom,43,10,107.4,12.0,1.67,43.0
254386,572910,23084,RABBIT NIGHT LIGHT,20,10/26/2011 15:58,2.08,15990.0,United Kingdom,43,10,41.6,60.0,1.79,43.0
313456,572912,23084,RABBIT NIGHT LIGHT,2,10/26/2011 16:07,2.08,16915.0,United Kingdom,43,10,4.16,20.0,2.08,43.0
254611,572921,23084,RABBIT NIGHT LIGHT,6,10/26/2011 16:57,2.08,15993.0,United Kingdom,43,10,12.48,2.0,2.08,43.0
24189,572992,23084,RABBIT NIGHT LIGHT,48,10/27/2011 10:57,1.79,12681.0,France,43,10,85.92,6.0,2.08,43.0
161384,573003,23084,RABBIT NIGHT LIGHT,2400,10/27/2011 12:11,2.08,14646.0,Netherlands,43,10,4992.0,48.0,1.79,43.0
256458,573007,23084,RABBIT NIGHT LIGHT,12,10/27/2011 12:22,2.08,16009.0,United Kingdom,43,10,24.96,2400.0,2.08,43.0
176652,573020,23084,RABBIT NIGHT LIGHT,6,10/27/2011 12:37,2.08,14842.0,United Kingdom,43,10,12.48,12.0,2.08,43.0
188863,573029,23084,RABBIT NIGHT LIGHT,2,10/27/2011 13:33,2.08,14971.0,United Kingdom,43,10,4.16,6.0,2.08,43.0
6678,573036,23084,RABBIT NIGHT LIGHT,24,10/27/2011 13:44,1.79,12437.0,France,43,10,42.96,2.0,2.08,43.0
394854,573069,23084,RABBIT NIGHT LIGHT,30,10/27/2011 13:58,1.79,18077.0,United Kingdom,43,10,53.7,24.0,1.79,43.0
91428,573083,23084,RABBIT NIGHT LIGHT,6,10/27/2011 14:22,2.08,13735.0,United Kingdom,43,10,12.48,30.0,1.79,43.0
237790,573094,23084,RABBIT NIGHT LIGHT,6,10/27/2011 14:39,2.08,15707.0,United Kingdom,43,10,12.48,6.0,2.08,43.0
202715,573109,23084,RABBIT NIGHT LIGHT,12,10/27/2011 15:19,2.08,15144.0,United Kingdom,43,10,24.96,6.0,2.08,43.0
363478,573111,23084,RABBIT NIGHT LIGHT,72,10/27/2011 15:25,1.79,17677.0,United Kingdom,43,10,128.88,12.0,2.08,43.0
55524,573143,23084,RABBIT NIGHT LIGHT,24,10/27/2011 17:56,1.79,13098.0,United Kingdom,43,10,42.96,72.0,1.79,43.0
392261,573144,23084,RABBIT NIGHT LIGHT,1,10/27/2011 17:57,2.08,18035.0,United Kingdom,43,10,2.08,24.0,1.79,43.0
392253,573144,23084,RABBIT NIGHT LIGHT,4,10/27/2011 17:57,2.08,18035.0,United Kingdom,43,10,8.32,1.0,2.08,43.0
23477,573153,23084,RABBIT NIGHT LIGHT,912,10/28/2011 7:39,1.79,12678.0,France,43,10,1632.48,4.0,2.08,43.0
232699,573162,23084,RABBIT NIGHT LIGHT,120,10/28/2011 9:01,1.79,15611.0,United Kingdom,43,10,214.8,912.0,1.79,43.0
61892,573230,23084,RABBIT NIGHT LIGHT,48,10/28/2011 11:55,1.79,13199.0,United Kingdom,43,10,85.92,120.0,1.79,43.0
513191,573267,23084,RABBIT NIGHT LIGHT,1,10/28/2011 12:44,2.08,,United Kingdom,43,10,2.08,48.0,1.79,43.0
55933,573272,23084,RABBIT NIGHT LIGHT,144,10/28/2011 13:02,1.79,13102.0,United Kingdom,43,10,257.76,1.0,2.08,43.0
262584,573279,23084,RABBIT NIGHT LIGHT,120,10/28/2011 13:22,1.79,16107.0,United Kingdom,43,10,214.8,144.0,1.79,43.0
138953,573292,23084,RABBIT NIGHT LIGHT,120,10/28/2011 15:10,1.79,14416.0,United Kingdom,43,10,214.8,120.0,1.79,43.0
260370,573300,23084,RABBIT NIGHT LIGHT,4,10/28/2011 16:10,2.08,16049.0,United Kingdom,43,10,8.32,120.0,1.79,43.0
210582,573327,23084,RABBIT NIGHT LIGHT,6,10/30/2011 11:09,2.08,15298.0,United Kingdom,43,10,12.48,4.0,2.08,43.0
11142,573333,23084,RABBIT NIGHT LIGHT,24,10/30/2011 11:34,1.79,12483.0,Sweden,43,10,42.96,6.0,2.08,43.0
41803,573334,23084,RABBIT NIGHT LIGHT,24,10/30/2011 11:35,1.79,12912.0,United Kingdom,43,10,42.96,24.0,1.79,43.0
110680,573352,23084,RABBIT NIGHT LIGHT,48,10/30/2011 12:35,1.79,14077.0,United Kingdom,43,10,85.92,24.0,1.79,43.0
248805,573355,23084,RABBIT NIGHT LIGHT,6,10/30/2011 12:43,2.08,15865.0,United Kingdom,43,10,12.48,48.0,1.79,43.0
261524,573363,23084,RABBIT NIGHT LIGHT,48,10/30/2011 13:06,1.79,16079.0,United Kingdom,43,10,85.92,6.0,2.08,43.0
167624,573364,23084,RABBIT NIGHT LIGHT,1,10/30/2011 13:09,2.08,14710.0,United Kingdom,43,10,2.08,48.0,1.79,43.0
225617,573375,23084,RABBIT NIGHT LIGHT,96,10/30/2011 13:42,1.79,15521.0,United Kingdom,43,10,171.84,1.0,2.08,43.0
153361,573380,23084,RABBIT NIGHT LIGHT,4,10/30/2011 14:04,2.08,14572.0,United Kingdom,43,10,8.32,96.0,1.79,43.0
355872,573381,23084,RABBIT NIGHT LIGHT,7,10/30/2011 14:05,2.08,17590.0,United Kingdom,43,10,14.56,4.0,2.08,43.0
347087,573383,23084,RABBIT NIGHT LIGHT,6,10/30/2011 14:18,2.08,17447.0,United Kingdom,43,10,12.48,7.0,2.08,43.0
235710,573410,23084,RABBIT NIGHT LIGHT,48,10/30/2011 16:03,1.79,15669.0,United Kingdom,43,10,85.92,6.0,2.08,43.0
220371,573413,23084,RABBIT NIGHT LIGHT,2,10/30/2011 16:12,2.08,15444.0,United Kingdom,43,10,4.16,48.0,1.79,43.0
403362,573420,23084,RABBIT NIGHT LIGHT,24,10/31/2011 9:48,1.79,18223.0,United Kingdom,44,10,42.96,2.0,2.08,43.0
11529,573442,23084,RABBIT NIGHT LIGHT,24,10/31/2011 10:42,1.79,12488.0,France,44,10,42.96,24.0,1.79,44.0
104618,573481,23084,RABBIT NIGHT LIGHT,18,10/31/2011 11:10,2.08,13994.0,United Kingdom,44,10,37.44,24.0,1.79,44.0
243267,573483,23084,RABBIT NIGHT LIGHT,24,10/31/2011 11:32,1.79,15793.0,United Kingdom,44,10,42.96,18.0,2.08,44.0
103579,573504,23084,RABBIT NIGHT LIGHT,24,10/31/2011 12:05,1.79,13983.0,United Kingdom,44,10,42.96,24.0,1.79,44.0
175364,573510,23084,RABBIT NIGHT LIGHT,52,10/31/2011 12:21,1.79,14808.0,United Kingdom,44,10,93.08,24.0,1.79,44.0
143,573511,23084,RABBIT NIGHT LIGHT,48,10/31/2011 12:25,1.79,12347.0,Iceland,44,10,85.92,52.0,1.79,44.0
370844,573543,23084,RABBIT NIGHT LIGHT,4,10/31/2011 13:05,2.08,17777.0,United Kingdom,44,10,8.32,48.0,1.79,44.0
513507,573553,23084,RABBIT NIGHT LIGHT,1,10/31/2011 13:48,4.13,,United Kingdom,44,10,4.13,4.0,2.08,44.0
115170,573576,23084,RABBIT NIGHT LIGHT,8,10/31/2011 14:09,4.13,14096.0,United Kingdom,44,10,33.04,1.0,4.13,44.0
193985,573579,23084,RABBIT NIGHT LIGHT,3,10/31/2011 14:19,2.08,15033.0,United Kingdom,44,10,6.24,8.0,4.13,44.0
513625,573580,23084,RABBIT NIGHT LIGHT,2,10/31/2011 14:21,4.13,,United Kingdom,44,10,8.26,3.0,2.08,44.0
514329,573585,23084,RABBIT NIGHT LIGHT,42,10/31/2011 14:41,4.13,,United Kingdom,44,10,173.46,2.0,4.13,44.0
405385,573587,23084,RABBIT NIGHT LIGHT,6,10/31/2011 14:48,2.08,18257.0,United Kingdom,44,10,12.48,42.0,4.13,44.0
387774,573600,23084,RABBIT NIGHT LIGHT,48,10/31/2011 15:21,1.79,17924.0,United Kingdom,44,10,85.92,6.0,2.08,44.0
514845,573601,23084,RABBIT NIGHT LIGHT,1,10/31/2011 15:24,4.13,,United Kingdom,44,10,4.13,48.0,1.79,44.0
514915,573633,23084,RABBIT NIGHT LIGHT,2,10/31/2011 15:48,4.13,,United Kingdom,44,10,8.26,1.0,4.13,44.0
192984,573695,23084,RABBIT NIGHT LIGHT,9,10/31/2011 17:13,2.08,15023.0,United Kingdom,44,10,18.72,2.0,4.13,44.0
185019,573748,23084,RABBIT NIGHT LIGHT,12,11/1/2011 9:24,2.08,14911.0,EIRE,44,11,24.96,9.0,2.08,44.0
92979,573762,23084,RABBIT NIGHT LIGHT,18,11/1/2011 9:56,2.08,13758.0,United Kingdom,44,11,37.44,12.0,2.08,44.0
349486,573780,23084,RABBIT NIGHT LIGHT,6,11/1/2011 11:12,2.08,17503.0,United Kingdom,44,11,12.48,18.0,2.08,44.0
317979,573830,23084,RABBIT NIGHT LIGHT,15,11/1/2011 11:35,2.08,16960.0,United Kingdom,44,11,31.200000000000003,6.0,2.08,44.0
23296,573867,23084,RABBIT NIGHT LIGHT,48,11/1/2011 12:12,1.79,12674.0,France,44,11,85.92,15.0,2.08,44.0
340411,573873,23084,RABBIT NIGHT LIGHT,3,11/1/2011 12:39,2.08,17346.0,United Kingdom,44,11,6.24,48.0,1.79,44.0
191818,573875,23084,RABBIT NIGHT LIGHT,6,11/1/2011 12:47,2.08,15018.0,United Kingdom,44,11,12.48,3.0,2.08,44.0
24718,573891,23084,RABBIT NIGHT LIGHT,216,11/1/2011 13:56,1.79,12682.0,France,44,11,386.64,6.0,2.08,44.0
373538,573894,23084,RABBIT NIGHT LIGHT,3,11/1/2011 13:59,2.08,17812.0,United Kingdom,44,11,6.24,216.0,1.79,44.0
299939,573897,23084,RABBIT NIGHT LIGHT,3,11/1/2011 14:29,2.08,16729.0,United Kingdom,44,11,6.24,3.0,2.08,44.0
163712,573903,23084,RABBIT NIGHT LIGHT,8,11/1/2011 14:51,2.08,14667.0,United Kingdom,44,11,16.64,3.0,2.08,44.0
146367,573904,23084,RABBIT NIGHT LIGHT,3,11/1/2011 14:54,2.08,14505.0,United Kingdom,44,11,6.24,8.0,2.08,44.0
146376,573904,23084,RABBIT NIGHT LIGHT,3,11/1/2011 14:54,2.08,14505.0,United Kingdom,44,11,6.24,3.0,2.08,44.0
146500,573904,23084,RABBIT NIGHT LIGHT,2,11/1/2011 14:54,2.08,14505.0,United Kingdom,44,11,4.16,3.0,2.08,44.0
106481,573922,23084,RABBIT NIGHT LIGHT,48,11/2/2011 9:22,1.79,14032.0,United Kingdom,44,11,85.92,2.0,2.08,44.0
389712,573923,23084,RABBIT NIGHT LIGHT,5,11/2/2011 9:31,2.08,17965.0,United Kingdom,44,11,10.4,48.0,1.79,44.0
310309,573931,23084,RABBIT NIGHT LIGHT,12,11/2/2011 10:16,2.08,16884.0,United Kingdom,44,11,24.96,5.0,2.08,44.0
240995,574009,23084,RABBIT NIGHT LIGHT,4,11/2/2011 11:49,2.08,15750.0,United Kingdom,44,11,8.32,12.0,2.08,44.0
77617,574018,23084,RABBIT NIGHT LIGHT,24,11/2/2011 12:04,1.79,13477.0,United Kingdom,44,11,42.96,4.0,2.08,44.0
164208,574020,23084,RABBIT NIGHT LIGHT,6,11/2/2011 12:15,2.08,14673.0,United Kingdom,44,11,12.48,24.0,1.79,44.0
18090,574022,23084,RABBIT NIGHT LIGHT,48,11/2/2011 12:20,1.79,12594.0,Italy,44,11,85.92,6.0,2.08,44.0
290538,574036,23084,RABBIT NIGHT LIGHT,18,11/2/2011 12:46,2.08,16607.0,United Kingdom,44,11,37.44,48.0,1.79,44.0
388257,574042,23084,RABBIT NIGHT LIGHT,24,11/2/2011 13:05,1.79,17947.0,United Kingdom,44,11,42.96,18.0,2.08,44.0
97588,574045,23084,RABBIT NIGHT LIGHT,24,11/2/2011 13:18,1.79,13854.0,United Kingdom,44,11,42.96,24.0,1.79,44.0
69323,574047,23084,RABBIT NIGHT LIGHT,24,11/2/2011 13:26,1.79,13318.0,United Kingdom,44,11,42.96,24.0,1.79,44.0
100301,574050,23084,RABBIT NIGHT LIGHT,6,11/2/2011 13:41,2.08,13904.0,United Kingdom,44,11,12.48,24.0,1.79,44.0
161417,574058,23084,RABBIT NIGHT LIGHT,216,11/2/2011 14:10,2.08,14646.0,Netherlands,44,11,449.28000000000003,6.0,2.08,44.0
286621,574060,23084,RABBIT NIGHT LIGHT,6,11/2/2011 14:16,2.08,16531.0,United Kingdom,44,11,12.48,216.0,2.08,44.0
11755,574068,23084,RABBIT NIGHT LIGHT,96,11/2/2011 14:51,1.79,12490.0,France,44,11,171.84,6.0,2.08,44.0
22265,574071,23084,RABBIT NIGHT LIGHT,6,11/2/2011 14:57,2.08,12654.0,Germany,44,11,12.48,96.0,1.79,44.0
515180,574074,23084,RABBIT NIGHT LIGHT,3,11/2/2011 15:33,4.13,,United Kingdom,44,11,12.39,6.0,2.08,44.0
515655,574076,23084,RABBIT NIGHT LIGHT,17,11/2/2011 15:38,4.13,,United Kingdom,44,11,70.21,3.0,4.13,44.0
243976,574081,23084,RABBIT NIGHT LIGHT,12,11/2/2011 16:37,2.08,15804.0,United Kingdom,44,11,24.96,17.0,4.13,44.0
268265,574082,23084,RABBIT NIGHT LIGHT,14,11/2/2011 16:37,2.08,16205.0,United Kingdom,44,11,29.12,12.0,2.08,44.0
235214,574086,23084,RABBIT NIGHT LIGHT,48,11/3/2011 8:39,1.79,15651.0,United Kingdom,44,11,85.92,14.0,2.08,44.0
84585,574096,23084,RABBIT NIGHT LIGHT,12,11/3/2011 9:55,2.08,13599.0,United Kingdom,44,11,24.96,48.0,1.79,44.0
264000,574102,23084,RABBIT NIGHT LIGHT,6,11/3/2011 10:27,2.08,16128.0,United Kingdom,44,11,12.48,12.0,2.08,44.0
19357,574104,23084,RABBIT NIGHT LIGHT,96,11/3/2011 10:45,1.79,12615.0,France,44,11,171.84,6.0,2.08,44.0
4647,574138,23084,RABBIT NIGHT LIGHT,96,11/3/2011 11:26,1.79,12415.0,Australia,44,11,171.84,96.0,1.79,44.0
6732,574252,23084,RABBIT NIGHT LIGHT,6,11/3/2011 13:24,2.08,12437.0,France,44,11,12.48,96.0,1.79,44.0
73560,574280,23084,RABBIT NIGHT LIGHT,72,11/3/2011 14:47,1.79,13408.0,United Kingdom,44,11,128.88,6.0,2.08,44.0
177629,574281,23084,RABBIT NIGHT LIGHT,48,11/3/2011 14:47,1.79,14856.0,United Kingdom,44,11,85.92,72.0,1.79,44.0
360384,574286,23084,RABBIT NIGHT LIGHT,24,11/3/2011 15:02,1.79,17644.0,United Kingdom,44,11,42.96,48.0,1.79,44.0
515927,574298,23084,RABBIT NIGHT LIGHT,13,11/3/2011 15:56,4.13,,United Kingdom,44,11,53.69,24.0,1.79,44.0
159169,574300,23084,RABBIT NIGHT LIGHT,24,11/3/2011 16:12,1.79,14636.0,United Kingdom,44,11,42.96,13.0,4.13,44.0
139947,574304,23084,RABBIT NIGHT LIGHT,1,11/3/2011 16:30,2.08,14428.0,United Kingdom,44,11,2.08,24.0,1.79,44.0
244653,574307,23084,RABBIT NIGHT LIGHT,6,11/3/2011 16:40,2.08,15809.0,United Kingdom,44,11,12.48,1.0,2.08,44.0
66862,574313,23084,RABBIT NIGHT LIGHT,12,11/3/2011 17:45,2.08,13267.0,United Kingdom,44,11,24.96,6.0,2.08,44.0
60902,574331,23084,RABBIT NIGHT LIGHT,24,11/4/2011 9:24,1.79,13178.0,United Kingdom,44,11,42.96,12.0,2.08,44.0
92850,574348,23084,RABBIT NIGHT LIGHT,24,11/4/2011 10:28,1.79,13756.0,United Kingdom,44,11,42.96,24.0,1.79,44.0
43852,574387,23084,RABBIT NIGHT LIGHT,6,11/4/2011 11:04,2.08,12944.0,United Kingdom,44,11,12.48,24.0,1.79,44.0
26310,574442,23084,RABBIT NIGHT LIGHT,72,11/4/2011 11:40,1.79,12704.0,Finland,44,11,128.88,6.0,2.08,44.0
5927,574469,23084,RABBIT NIGHT LIGHT,336,11/4/2011 11:55,1.79,12431.0,Australia,44,11,601.44,72.0,1.79,44.0
390719,574474,23084,RABBIT NIGHT LIGHT,1,11/4/2011 12:05,2.08,17979.0,United Kingdom,44,11,2.08,336.0,1.79,44.0
330217,574476,23084,RABBIT NIGHT LIGHT,3,11/4/2011 12:20,2.08,17203.0,United Kingdom,44,11,6.24,1.0,2.08,44.0
330246,574478,23084,RABBIT NIGHT LIGHT,4,11/4/2011 12:27,2.08,17203.0,United Kingdom,44,11,8.32,3.0,2.08,44.0
391986,574481,23084,RABBIT NIGHT LIGHT,1,11/4/2011 12:45,2.08,18022.0,United Kingdom,44,11,2.08,4.0,2.08,44.0
391875,574481,23084,RABBIT NIGHT LIGHT,4,11/4/2011 12:45,2.08,18022.0,United Kingdom,44,11,8.32,1.0,2.08,44.0
391891,574481,23084,RABBIT NIGHT LIGHT,1,11/4/2011 12:45,2.08,18022.0,United Kingdom,44,11,2.08,4.0,2.08,44.0
391964,574481,23084,RABBIT NIGHT LIGHT,1,11/4/2011 12:45,2.08,18022.0,United Kingdom,44,11,2.08,1.0,2.08,44.0
391981,574481,23084,RABBIT NIGHT LIGHT,1,11/4/2011 12:45,2.08,18022.0,United Kingdom,44,11,2.08,1.0,2.08,44.0
391950,574481,23084,RABBIT NIGHT LIGHT,1,11/4/2011 12:45,2.08,18022.0,United Kingdom,44,11,2.08,1.0,2.08,44.0
335079,574502,23084,RABBIT NIGHT LIGHT,5,11/4/2011 13:16,2.08,17274.0,United Kingdom,44,11,10.4,1.0,2.08,44.0
332750,574529,23084,RABBIT NIGHT LIGHT,5,11/4/2011 14:06,2.08,17233.0,United Kingdom,44,11,10.4,5.0,2.08,44.0
109302,574559,23084,RABBIT NIGHT LIGHT,24,11/4/2011 15:50,1.79,14056.0,United Kingdom,44,11,42.96,5.0,2.08,44.0
364981,574560,23084,RABBIT NIGHT LIGHT,12,11/4/2011 15:51,2.08,17703.0,United Kingdom,44,11,24.96,24.0,1.79,44.0
516497,574561,23084,RABBIT NIGHT LIGHT,33,11/4/2011 15:52,4.13,,United Kingdom,44,11,136.29,12.0,2.08,44.0
394883,574590,23084,RABBIT NIGHT LIGHT,48,11/6/2011 10:44,1.79,18077.0,United Kingdom,44,11,85.92,33.0,4.13,44.0
370399,574624,23084,RABBIT NIGHT LIGHT,24,11/6/2011 11:20,1.79,17769.0,United Kingdom,44,11,42.96,48.0,1.79,44.0
230571,574654,23084,RABBIT NIGHT LIGHT,1,11/6/2011 11:32,2.08,15571.0,United Kingdom,44,11,2.08,24.0,1.79,44.0
230565,574654,23084,RABBIT NIGHT LIGHT,2,11/6/2011 11:32,2.08,15571.0,United Kingdom,44,11,4.16,1.0,2.08,44.0
75229,574661,23084,RABBIT NIGHT LIGHT,24,11/6/2011 11:56,1.79,13447.0,United Kingdom,44,11,42.96,2.0,2.08,44.0
80687,574663,23084,RABBIT NIGHT LIGHT,6,11/6/2011 12:04,2.08,13527.0,United Kingdom,44,11,12.48,24.0,1.79,44.0
266189,574666,23084,RABBIT NIGHT LIGHT,144,11/6/2011 12:10,1.79,16168.0,United Kingdom,44,11,257.76,6.0,2.08,44.0
225087,574667,23084,RABBIT NIGHT LIGHT,10,11/6/2011 12:12,2.08,15514.0,United Kingdom,44,11,20.8,144.0,1.79,44.0
335918,574675,23084,RABBIT NIGHT LIGHT,11,11/6/2011 12:31,2.08,17289.0,United Kingdom,44,11,22.880000000000003,10.0,2.08,44.0
71787,574678,23084,RABBIT NIGHT LIGHT,6,11/6/2011 12:36,2.08,13365.0,United Kingdom,44,11,12.48,11.0,2.08,44.0
188523,574682,23084,RABBIT NIGHT LIGHT,2,11/6/2011 12:44,2.08,14963.0,United Kingdom,44,11,4.16,6.0,2.08,44.0
188550,574682,23084,RABBIT NIGHT LIGHT,3,11/6/2011 12:44,2.08,14963.0,United Kingdom,44,11,6.24,2.0,2.08,44.0
355222,574685,23084,RABBIT NIGHT LIGHT,12,11/6/2011 12:59,2.08,17581.0,United Kingdom,44,11,24.96,3.0,2.08,44.0
21598,574690,23084,RABBIT NIGHT LIGHT,12,11/6/2011 13:11,2.08,12638.0,Sweden,44,11,24.96,12.0,2.08,44.0
2361,574694,23084,RABBIT NIGHT LIGHT,12,11/6/2011 13:36,2.08,12381.0,Norway,44,11,24.96,12.0,2.08,44.0
370058,574709,23084,RABBIT NIGHT LIGHT,6,11/6/2011 14:14,2.08,17768.0,United Kingdom,44,11,12.48,12.0,2.08,44.0
219064,574710,23084,RABBIT NIGHT LIGHT,4,11/6/2011 14:17,2.08,15427.0,United Kingdom,44,11,8.32,6.0,2.08,44.0
219162,574714,23084,RABBIT NIGHT LIGHT,6,11/6/2011 14:29,2.08,15427.0,United Kingdom,44,11,12.48,4.0,2.08,44.0
387325,574721,23084,RABBIT NIGHT LIGHT,5,11/6/2011 14:43,2.08,17920.0,United Kingdom,44,11,10.4,6.0,2.08,44.0
178060,574737,23084,RABBIT NIGHT LIGHT,6,11/6/2011 15:53,2.08,14868.0,United Kingdom,44,11,12.48,5.0,2.08,44.0
214709,574743,23084,RABBIT NIGHT LIGHT,1,11/6/2011 16:14,2.08,15351.0,United Kingdom,44,11,2.08,6.0,2.08,44.0
214717,574743,23084,RABBIT NIGHT LIGHT,6,11/6/2011 16:14,2.08,15351.0,United Kingdom,44,11,12.48,1.0,2.08,44.0
51089,574755,23084,RABBIT NIGHT LIGHT,48,11/7/2011 9:28,1.79,13078.0,United Kingdom,45,11,85.92,6.0,2.08,44.0
55035,574824,23084,RABBIT NIGHT LIGHT,12,11/7/2011 10:43,2.08,13097.0,United Kingdom,45,11,24.96,48.0,1.79,45.0
249406,574826,23084,RABBIT NIGHT LIGHT,3,11/7/2011 10:58,2.08,15870.0,United Kingdom,45,11,6.24,12.0,2.08,45.0
58591,574835,23084,RABBIT NIGHT LIGHT,12,11/7/2011 11:31,2.08,13139.0,United Kingdom,45,11,24.96,3.0,2.08,45.0
516770,574856,23084,RABBIT NIGHT LIGHT,22,11/7/2011 12:06,4.13,,United Kingdom,45,11,90.86,12.0,2.08,45.0
3633,574862,23084,RABBIT NIGHT LIGHT,48,11/7/2011 12:27,1.79,12408.0,Belgium,45,11,85.92,22.0,4.13,45.0
136211,574864,23084,RABBIT NIGHT LIGHT,24,11/7/2011 12:29,1.79,14387.0,United Kingdom,45,11,42.96,48.0,1.79,45.0
136214,574864,23084,RABBIT NIGHT LIGHT,24,11/7/2011 12:29,1.79,14387.0,United Kingdom,45,11,42.96,24.0,1.79,45.0
162179,574878,23084,RABBIT NIGHT LIGHT,3,11/7/2011 13:18,2.08,14653.0,United Kingdom,45,11,6.24,24.0,1.79,45.0
37573,574881,23084,RABBIT NIGHT LIGHT,6,11/7/2011 13:30,2.08,12832.0,United Kingdom,45,11,12.48,3.0,2.08,45.0
84647,574882,23084,RABBIT NIGHT LIGHT,3,11/7/2011 13:45,2.08,13599.0,United Kingdom,45,11,6.24,6.0,2.08,45.0
9373,574885,23084,RABBIT NIGHT LIGHT,48,11/7/2011 14:01,1.79,12472.0,Germany,45,11,85.92,3.0,2.08,45.0
319907,574896,23084,RABBIT NIGHT LIGHT,3,11/7/2011 14:51,2.08,17014.0,United Kingdom,45,11,6.24,48.0,1.79,45.0
256470,574908,23084,RABBIT NIGHT LIGHT,24,11/7/2011 15:37,1.79,16009.0,United Kingdom,45,11,42.96,3.0,2.08,45.0
110548,574911,23084,RABBIT NIGHT LIGHT,6,11/7/2011 15:49,2.08,14073.0,United Kingdom,45,11,12.48,24.0,1.79,45.0
103872,574920,23084,RABBIT NIGHT LIGHT,12,11/7/2011 16:34,2.08,13985.0,United Kingdom,45,11,24.96,6.0,2.08,45.0
326507,574939,23084,RABBIT NIGHT LIGHT,3,11/7/2011 17:16,2.08,17109.0,United Kingdom,45,11,6.24,12.0,2.08,45.0
186691,574940,23084,RABBIT NIGHT LIGHT,6,11/7/2011 17:21,2.08,14929.0,United Kingdom,45,11,12.48,3.0,2.08,45.0
516940,574941,23084,RABBIT NIGHT LIGHT,628,11/7/2011 17:42,4.95,,United Kingdom,45,11,3108.6,6.0,2.08,45.0
517227,574950,23084,RABBIT NIGHT LIGHT,24,11/8/2011 9:29,4.13,,United Kingdom,45,11,99.12,628.0,4.95,45.0
241986,574951,23084,RABBIT NIGHT LIGHT,6,11/8/2011 9:44,2.08,15763.0,United Kingdom,45,11,12.48,24.0,4.13,45.0
300087,574956,23084,RABBIT NIGHT LIGHT,12,11/8/2011 9:54,2.08,16732.0,United Kingdom,45,11,24.96,6.0,2.08,45.0
389352,574965,23084,RABBIT NIGHT LIGHT,3,11/8/2011 10:44,2.08,17964.0,United Kingdom,45,11,6.24,12.0,2.08,45.0
389332,574965,23084,RABBIT NIGHT LIGHT,1,11/8/2011 10:44,2.08,17964.0,United Kingdom,45,11,2.08,3.0,2.08,45.0
389389,574965,23084,RABBIT NIGHT LIGHT,7,11/8/2011 10:44,2.08,17964.0,United Kingdom,45,11,14.56,1.0,2.08,45.0
389355,574965,23084,RABBIT NIGHT LIGHT,4,11/8/2011 10:44,2.08,17964.0,United Kingdom,45,11,8.32,7.0,2.08,45.0
179644,574966,23084,RABBIT NIGHT LIGHT,12,11/8/2011 10:50,2.08,14901.0,United Kingdom,45,11,24.96,4.0,2.08,45.0
331150,575017,23084,RABBIT NIGHT LIGHT,4,11/8/2011 11:25,2.08,17219.0,United Kingdom,45,11,8.32,12.0,2.08,45.0
61897,575027,23084,RABBIT NIGHT LIGHT,48,11/8/2011 11:29,1.79,13199.0,United Kingdom,45,11,85.92,4.0,2.08,45.0
191118,575039,23084,RABBIT NIGHT LIGHT,2,11/8/2011 11:53,2.08,15005.0,United Kingdom,45,11,4.16,48.0,1.79,45.0
335973,575041,23084,RABBIT NIGHT LIGHT,12,11/8/2011 12:01,2.08,17289.0,United Kingdom,45,11,24.96,2.0,2.08,45.0
28383,575049,23084,RABBIT NIGHT LIGHT,18,11/8/2011 12:13,2.08,12721.0,France,45,11,37.44,12.0,2.08,45.0
54018,575060,23084,RABBIT NIGHT LIGHT,12,11/8/2011 12:29,2.08,13089.0,United Kingdom,45,11,24.96,18.0,2.08,45.0
103149,575073,23084,RABBIT NIGHT LIGHT,24,11/8/2011 13:10,1.79,13975.0,United Kingdom,45,11,42.96,12.0,2.08,45.0
32679,575117,23084,RABBIT NIGHT LIGHT,1,11/8/2011 14:22,2.08,12748.0,United Kingdom,45,11,2.08,24.0,1.79,45.0
32720,575117,23084,RABBIT NIGHT LIGHT,1,11/8/2011 14:22,2.08,12748.0,United Kingdom,45,11,2.08,1.0,2.08,45.0
517497,575130,23084,RABBIT NIGHT LIGHT,1,11/8/2011 14:38,2.08,,United Kingdom,45,11,2.08,1.0,2.08,45.0
54308,575137,23084,RABBIT NIGHT LIGHT,12,11/8/2011 15:13,2.08,13090.0,United Kingdom,45,11,24.96,1.0,2.08,45.0
517649,575138,23084,RABBIT NIGHT LIGHT,12,11/8/2011 15:24,4.13,,United Kingdom,45,11,49.56,12.0,2.08,45.0
517650,575138,23084,RABBIT NIGHT LIGHT,4,11/8/2011 15:24,4.96,,United Kingdom,45,11,19.84,12.0,4.13,45.0
272824,575152,23084,RABBIT NIGHT LIGHT,5,11/8/2011 16:12,2.08,16284.0,United Kingdom,45,11,10.4,4.0,4.96,45.0
2971,575154,23084,RABBIT NIGHT LIGHT,6,11/8/2011 16:15,2.08,12395.0,Belgium,45,11,12.48,5.0,2.08,45.0
320669,575166,23084,RABBIT NIGHT LIGHT,6,11/8/2011 17:09,2.08,17022.0,United Kingdom,45,11,12.48,6.0,2.08,45.0
203613,575167,23084,RABBIT NIGHT LIGHT,6,11/8/2011 17:09,2.08,15153.0,United Kingdom,45,11,12.48,6.0,2.08,45.0
135619,575169,23084,RABBIT NIGHT LIGHT,6,11/8/2011 17:21,2.08,14367.0,United Kingdom,45,11,12.48,6.0,2.08,45.0
518049,575176,23084,RABBIT NIGHT LIGHT,28,11/8/2011 18:29,4.13,,United Kingdom,45,11,115.64,6.0,2.08,45.0
518478,575177,23084,RABBIT NIGHT LIGHT,12,11/8/2011 18:41,4.13,,United Kingdom,45,11,49.56,28.0,4.13,45.0
24202,575193,23084,RABBIT NIGHT LIGHT,24,11/9/2011 9:34,1.79,12681.0,France,45,11,42.96,12.0,4.13,45.0
42723,575200,23084,RABBIT NIGHT LIGHT,6,11/9/2011 9:50,2.08,12921.0,United Kingdom,45,11,12.48,24.0,1.79,45.0
48259,575202,23084,RABBIT NIGHT LIGHT,6,11/9/2011 10:14,2.08,13018.0,United Kingdom,45,11,12.48,6.0,2.08,45.0
48260,575203,23084,RABBIT NIGHT LIGHT,24,11/9/2011 10:14,1.79,13018.0,United Kingdom,45,11,42.96,6.0,2.08,45.0
169970,575210,23084,RABBIT NIGHT LIGHT,6,11/9/2011 10:32,2.08,14732.0,United Kingdom,45,11,12.48,24.0,1.79,45.0
336179,575325,23084,RABBIT NIGHT LIGHT,6,11/9/2011 13:46,2.08,17293.0,United Kingdom,45,11,12.48,6.0,2.08,45.0
62490,575332,23084,RABBIT NIGHT LIGHT,48,11/9/2011 13:53,1.79,13209.0,United Kingdom,45,11,85.92,6.0,2.08,45.0
144400,575334,23084,RABBIT NIGHT LIGHT,6,11/9/2011 13:54,2.08,14493.0,United Kingdom,45,11,12.48,48.0,1.79,45.0
43169,575335,23084,RABBIT NIGHT LIGHT,300,11/9/2011 13:56,1.79,12931.0,United Kingdom,45,11,537.0,6.0,2.08,45.0
188806,575336,23084,RABBIT NIGHT LIGHT,1,11/9/2011 13:58,2.08,14968.0,United Kingdom,45,11,2.08,300.0,1.79,45.0
384767,575337,23084,RABBIT NIGHT LIGHT,1,11/9/2011 14:11,2.08,17867.0,United Kingdom,45,11,2.08,1.0,2.08,45.0
352238,575342,23084,RABBIT NIGHT LIGHT,6,11/9/2011 14:44,2.08,17528.0,United Kingdom,45,11,12.48,1.0,2.08,45.0
144002,575368,23084,RABBIT NIGHT LIGHT,1,11/9/2011 15:07,2.08,14482.0,United Kingdom,45,11,2.08,6.0,2.08,45.0
518951,575477,23084,RABBIT NIGHT LIGHT,19,11/9/2011 16:14,4.13,,United Kingdom,45,11,78.47,1.0,2.08,45.0
251459,575482,23084,RABBIT NIGHT LIGHT,6,11/9/2011 16:33,2.08,15916.0,United Kingdom,45,11,12.48,19.0,4.13,45.0
293550,575484,23084,RABBIT NIGHT LIGHT,6,11/9/2011 17:02,2.08,16670.0,United Kingdom,45,11,12.48,6.0,2.08,45.0
329979,575507,23084,RABBIT NIGHT LIGHT,12,11/10/2011 10:32,2.08,17197.0,United Kingdom,45,11,24.96,6.0,2.08,45.0
118939,575512,23084,RABBIT NIGHT LIGHT,12,11/10/2011 10:36,2.08,14121.0,United Kingdom,45,11,24.96,12.0,2.08,45.0
339585,575516,23084,RABBIT NIGHT LIGHT,12,11/10/2011 10:45,2.08,17340.0,United Kingdom,45,11,24.96,12.0,2.08,45.0
24726,575519,23084,RABBIT NIGHT LIGHT,48,11/10/2011 10:53,1.79,12682.0,France,45,11,85.92,12.0,2.08,45.0
352797,575520,23084,RABBIT NIGHT LIGHT,6,11/10/2011 10:56,2.08,17537.0,United Kingdom,45,11,12.48,48.0,1.79,45.0
103585,575525,23084,RABBIT NIGHT LIGHT,72,11/10/2011 11:06,1.79,13983.0,United Kingdom,45,11,128.88,6.0,2.08,45.0
129112,575589,23084,RABBIT NIGHT LIGHT,12,11/10/2011 12:05,2.08,14262.0,United Kingdom,45,11,24.96,72.0,1.79,45.0
115515,575607,23084,RABBIT NIGHT LIGHT,31,11/10/2011 12:37,4.13,14096.0,United Kingdom,45,11,128.03,12.0,2.08,45.0
66879,575643,23084,RABBIT NIGHT LIGHT,12,11/10/2011 14:09,2.08,13267.0,United Kingdom,45,11,24.96,31.0,4.13,45.0
69767,575656,23084,RABBIT NIGHT LIGHT,48,11/10/2011 14:29,1.79,13319.0,United Kingdom,45,11,85.92,12.0,2.08,45.0
69809,575657,23084,RABBIT NIGHT LIGHT,18,11/10/2011 14:30,2.08,13319.0,United Kingdom,45,11,37.44,48.0,1.79,45.0
69810,575658,23084,RABBIT NIGHT LIGHT,12,11/10/2011 14:31,2.08,13319.0,United Kingdom,45,11,24.96,18.0,2.08,45.0
23148,575671,23084,RABBIT NIGHT LIGHT,48,11/10/2011 15:03,1.79,12670.0,France,45,11,85.92,12.0,2.08,45.0
236911,575685,23084,RABBIT NIGHT LIGHT,24,11/10/2011 15:57,1.79,15694.0,United Kingdom,45,11,42.96,48.0,1.79,45.0
32865,575694,23084,RABBIT NIGHT LIGHT,1,11/10/2011 16:38,2.08,12748.0,United Kingdom,45,11,2.08,24.0,1.79,45.0
76530,575708,23084,RABBIT NIGHT LIGHT,6,11/10/2011 17:17,2.08,13460.0,United Kingdom,45,11,12.48,1.0,2.08,45.0
305256,575726,23084,RABBIT NIGHT LIGHT,2,11/10/2011 19:12,2.08,16791.0,United Kingdom,45,11,4.16,6.0,2.08,45.0
2491,575734,23084,RABBIT NIGHT LIGHT,6,11/11/2011 8:39,2.08,12384.0,Switzerland,45,11,12.48,2.0,2.08,45.0
519536,575739,23084,RABBIT NIGHT LIGHT,58,11/11/2011 9:05,4.13,,United Kingdom,45,11,239.54,6.0,2.08,45.0
399524,575740,23084,RABBIT NIGHT LIGHT,12,11/11/2011 9:25,2.08,18130.0,United Kingdom,45,11,24.96,58.0,4.13,45.0
133116,575742,23084,RABBIT NIGHT LIGHT,24,11/11/2011 9:46,1.79,14309.0,United Kingdom,45,11,42.96,12.0,2.08,45.0
519799,575748,23084,RABBIT NIGHT LIGHT,6,11/11/2011 10:21,4.96,,United Kingdom,45,11,29.759999999999998,24.0,1.79,45.0
336265,575754,23084,RABBIT NIGHT LIGHT,1,11/11/2011 10:43,2.08,17295.0,United Kingdom,45,11,2.08,6.0,4.96,45.0
39638,575766,23084,RABBIT NIGHT LIGHT,3,11/11/2011 11:06,2.08,12856.0,United Kingdom,45,11,6.24,1.0,2.08,45.0
13102,575787,23084,RABBIT NIGHT LIGHT,6,11/11/2011 11:18,2.08,12518.0,Germany,45,11,12.48,3.0,2.08,45.0
104907,575838,23084,RABBIT NIGHT LIGHT,6,11/11/2011 11:38,2.08,13999.0,United Kingdom,45,11,12.48,6.0,2.08,45.0
18421,575845,23084,RABBIT NIGHT LIGHT,12,11/11/2011 12:07,2.08,12598.0,France,45,11,24.96,6.0,2.08,45.0
163001,575851,23084,RABBIT NIGHT LIGHT,3,11/11/2011 12:13,2.08,14662.0,United Kingdom,45,11,6.24,12.0,2.08,45.0
333370,575852,23084,RABBIT NIGHT LIGHT,4,11/11/2011 12:17,2.08,17238.0,United Kingdom,45,11,8.32,3.0,2.08,45.0
119170,575854,23084,RABBIT NIGHT LIGHT,6,11/11/2011 12:20,2.08,14125.0,United Kingdom,45,11,12.48,4.0,2.08,45.0
262588,575866,23084,RABBIT NIGHT LIGHT,96,11/11/2011 12:41,1.79,16107.0,United Kingdom,45,11,171.84,6.0,2.08,45.0
45821,575868,23084,RABBIT NIGHT LIGHT,24,11/11/2011 12:44,1.79,12985.0,United Kingdom,45,11,42.96,96.0,1.79,45.0
363502,575873,23084,RABBIT NIGHT LIGHT,96,11/11/2011 12:53,1.79,17677.0,United Kingdom,45,11,171.84,24.0,1.79,45.0
520131,575875,23084,RABBIT NIGHT LIGHT,22,11/11/2011 13:06,4.13,,United Kingdom,45,11,90.86,96.0,1.79,45.0
25428,575884,23084,RABBIT NIGHT LIGHT,6,11/11/2011 13:46,2.08,12685.0,France,45,11,12.48,22.0,4.13,45.0
12998,575886,23084,RABBIT NIGHT LIGHT,10,11/11/2011 13:57,2.08,12517.0,Germany,45,11,20.8,6.0,2.08,45.0
281455,575889,23084,RABBIT NIGHT LIGHT,4,11/11/2011 14:09,2.08,16433.0,United Kingdom,45,11,8.32,10.0,2.08,45.0
236843,575891,23084,RABBIT NIGHT LIGHT,6,11/11/2011 14:12,2.08,15692.0,United Kingdom,45,11,12.48,4.0,2.08,45.0
274837,575892,23084,RABBIT NIGHT LIGHT,6,11/11/2011 14:22,2.08,16332.0,United Kingdom,45,11,12.48,6.0,2.08,45.0
322256,575895,23084,RABBIT NIGHT LIGHT,3,11/11/2011 14:50,2.08,17052.0,United Kingdom,45,11,6.24,6.0,2.08,45.0
322203,575895,23084,RABBIT NIGHT LIGHT,1,11/11/2011 14:50,2.08,17052.0,United Kingdom,45,11,2.08,3.0,2.08,45.0
520361,575900,23084,RABBIT NIGHT LIGHT,1,11/11/2011 15:14,2.08,,United Kingdom,45,11,2.08,1.0,2.08,45.0
391616,575904,23084,RABBIT NIGHT LIGHT,9,11/11/2011 15:28,2.08,18014.0,United Kingdom,45,11,18.72,1.0,2.08,45.0
323935,575914,23084,RABBIT NIGHT LIGHT,12,11/11/2011 16:31,2.08,17071.0,United Kingdom,45,11,24.96,9.0,2.08,45.0
236597,575922,23084,RABBIT NIGHT LIGHT,12,11/11/2011 17:10,2.08,15681.0,United Kingdom,45,11,24.96,12.0,2.08,45.0
68905,575929,23084,RABBIT NIGHT LIGHT,6,11/11/2011 17:23,2.08,13310.0,United Kingdom,45,11,12.48,12.0,2.08,45.0
520706,575930,23084,RABBIT NIGHT LIGHT,33,11/11/2011 17:58,4.13,,United Kingdom,45,11,136.29,6.0,2.08,45.0
521066,575947,23084,RABBIT NIGHT LIGHT,1,11/13/2011 11:50,4.96,,United Kingdom,45,11,4.96,33.0,4.13,45.0
103601,575966,23084,RABBIT NIGHT LIGHT,6,11/13/2011 12:38,2.08,13984.0,United Kingdom,45,11,12.48,1.0,4.96,45.0
166034,575989,23084,RABBIT NIGHT LIGHT,1,11/13/2011 14:20,2.08,14698.0,United Kingdom,45,11,2.08,6.0,2.08,45.0
165986,575989,23084,RABBIT NIGHT LIGHT,1,11/13/2011 14:20,2.08,14698.0,United Kingdom,45,11,2.08,1.0,2.08,45.0
331054,576014,23084,RABBIT NIGHT LIGHT,5,11/13/2011 14:29,2.08,17218.0,United Kingdom,45,11,10.4,1.0,2.08,45.0
88696,576060,23084,RABBIT NIGHT LIGHT,5,11/13/2011 15:25,2.08,13681.0,United Kingdom,45,11,10.4,5.0,2.08,45.0
40478,576062,23084,RABBIT NIGHT LIGHT,5,11/13/2011 15:30,2.08,12867.0,United Kingdom,45,11,10.4,5.0,2.08,45.0
191169,576065,23084,RABBIT NIGHT LIGHT,6,11/13/2011 15:42,2.08,15005.0,United Kingdom,45,11,12.48,5.0,2.08,45.0
311222,576066,23084,RABBIT NIGHT LIGHT,1,11/13/2011 15:44,2.08,16898.0,United Kingdom,45,11,2.08,6.0,2.08,45.0
75935,576070,23084,RABBIT NIGHT LIGHT,3,11/13/2011 15:58,2.08,13451.0,United Kingdom,45,11,6.24,1.0,2.08,45.0
394331,576071,23084,RABBIT NIGHT LIGHT,2,11/13/2011 16:03,2.08,18069.0,United Kingdom,45,11,4.16,3.0,2.08,45.0
60917,576074,23084,RABBIT NIGHT LIGHT,48,11/13/2011 16:14,1.79,13178.0,United Kingdom,45,11,85.92,2.0,2.08,45.0
298349,576077,23084,RABBIT NIGHT LIGHT,2,11/13/2011 16:22,2.08,16720.0,United Kingdom,45,11,4.16,48.0,1.79,45.0
25687,576087,23084,RABBIT NIGHT LIGHT,24,11/14/2011 8:31,1.79,12689.0,France,46,11,42.96,2.0,2.08,45.0
222016,576137,23084,RABBIT NIGHT LIGHT,24,11/14/2011 10:45,1.79,15482.0,United Kingdom,46,11,42.96,24.0,1.79,46.0
316412,576176,23084,RABBIT NIGHT LIGHT,10,11/14/2011 11:04,2.08,16936.0,United Kingdom,46,11,20.8,24.0,1.79,46.0
230794,576200,23084,RABBIT NIGHT LIGHT,3,11/14/2011 12:14,2.08,15572.0,United Kingdom,46,11,6.24,10.0,2.08,46.0
395126,576212,23084,RABBIT NIGHT LIGHT,12,11/14/2011 12:45,2.08,18082.0,United Kingdom,46,11,24.96,3.0,2.08,46.0
248736,576214,23084,RABBIT NIGHT LIGHT,2,11/14/2011 12:49,2.08,15863.0,United Kingdom,46,11,4.16,12.0,2.08,46.0
324334,576217,23084,RABBIT NIGHT LIGHT,2,11/14/2011 12:56,2.08,17081.0,United Kingdom,46,11,4.16,2.0,2.08,46.0
11770,576222,23084,RABBIT NIGHT LIGHT,24,11/14/2011 13:02,1.79,12490.0,France,46,11,42.96,2.0,2.08,46.0
194045,576228,23084,RABBIT NIGHT LIGHT,3,11/14/2011 13:12,2.08,15033.0,United Kingdom,46,11,6.24,24.0,1.79,46.0
92571,576236,23084,RABBIT NIGHT LIGHT,1,11/14/2011 13:31,2.08,13755.0,United Kingdom,46,11,2.08,3.0,2.08,46.0
92557,576236,23084,RABBIT NIGHT LIGHT,1,11/14/2011 13:31,2.08,13755.0,United Kingdom,46,11,2.08,1.0,2.08,46.0
15494,576245,23084,RABBIT NIGHT LIGHT,18,11/14/2011 13:40,2.08,12553.0,France,46,11,37.44,1.0,2.08,46.0
353611,576246,23084,RABBIT NIGHT LIGHT,4,11/14/2011 13:42,2.08,17566.0,United Kingdom,46,11,8.32,18.0,2.08,46.0
138983,576252,23084,RABBIT NIGHT LIGHT,12,11/14/2011 13:55,2.08,14418.0,United Kingdom,46,11,24.96,4.0,2.08,46.0
254762,576255,23084,RABBIT NIGHT LIGHT,3,11/14/2011 14:09,2.08,15993.0,United Kingdom,46,11,6.24,12.0,2.08,46.0
35665,576269,23084,RABBIT NIGHT LIGHT,12,11/14/2011 14:23,2.08,12762.0,Portugal,46,11,24.96,3.0,2.08,46.0
197909,576300,23084,RABBIT NIGHT LIGHT,2,11/14/2011 14:39,2.08,15058.0,United Kingdom,46,11,4.16,12.0,2.08,46.0
521662,576329,23084,RABBIT NIGHT LIGHT,46,11/14/2011 15:22,4.13,,United Kingdom,46,11,189.98,2.0,2.08,46.0
116035,576339,23084,RABBIT NIGHT LIGHT,56,11/14/2011 15:27,4.13,14096.0,United Kingdom,46,11,231.28,46.0,4.13,46.0
236617,576356,23084,RABBIT NIGHT LIGHT,12,11/14/2011 16:30,2.08,15681.0,United Kingdom,46,11,24.96,56.0,4.13,46.0
235507,576357,23084,RABBIT NIGHT LIGHT,6,11/14/2011 16:57,2.08,15660.0,United Kingdom,46,11,12.48,12.0,2.08,46.0
191393,576364,23084,RABBIT NIGHT LIGHT,6,11/14/2011 17:40,2.08,15009.0,United Kingdom,46,11,12.48,6.0,2.08,46.0
521753,576365,23084,RABBIT NIGHT LIGHT,404,11/14/2011 17:55,4.95,,United Kingdom,46,11,1999.8000000000002,6.0,2.08,46.0
202731,576372,23084,RABBIT NIGHT LIGHT,24,11/15/2011 8:32,1.79,15144.0,United Kingdom,46,11,42.96,404.0,4.95,46.0
521854,576391,23084,RABBIT NIGHT LIGHT,21,11/15/2011 10:13,4.96,,United Kingdom,46,11,104.16,24.0,1.79,46.0
4662,576394,23084,RABBIT NIGHT LIGHT,960,11/15/2011 10:32,1.79,12415.0,Australia,46,11,1718.4,21.0,4.96,46.0
370936,576508,23084,RABBIT NIGHT LIGHT,6,11/15/2011 12:02,2.08,17777.0,United Kingdom,46,11,12.48,960.0,1.79,46.0
149567,576510,23084,RABBIT NIGHT LIGHT,24,11/15/2011 12:05,1.79,14533.0,United Kingdom,46,11,42.96,6.0,2.08,46.0
97178,576511,23084,RABBIT NIGHT LIGHT,6,11/15/2011 12:07,2.08,13846.0,United Kingdom,46,11,12.48,24.0,1.79,46.0
168533,576513,23084,RABBIT NIGHT LIGHT,6,11/15/2011 12:10,2.08,14715.0,United Kingdom,46,11,12.48,6.0,2.08,46.0
101494,576514,23084,RABBIT NIGHT LIGHT,6,11/15/2011 12:13,2.08,13950.0,United Kingdom,46,11,12.48,6.0,2.08,46.0
331599,576567,23084,RABBIT NIGHT LIGHT,8,11/15/2011 13:41,2.08,17220.0,United Kingdom,46,11,16.64,6.0,2.08,46.0
328160,576568,23084,RABBIT NIGHT LIGHT,6,11/15/2011 13:42,2.08,17153.0,United Kingdom,46,11,12.48,8.0,2.08,46.0
331622,576570,23084,RABBIT NIGHT LIGHT,1,11/15/2011 13:47,2.08,17220.0,United Kingdom,46,11,2.08,6.0,2.08,46.0
225110,576572,23084,RABBIT NIGHT LIGHT,192,11/15/2011 13:49,1.79,15514.0,United Kingdom,46,11,343.68,1.0,2.08,46.0
51097,576574,23084,RABBIT NIGHT LIGHT,48,11/15/2011 13:53,1.79,13078.0,United Kingdom,46,11,85.92,192.0,1.79,46.0
4677,576586,23084,RABBIT NIGHT LIGHT,240,11/15/2011 14:22,1.79,12415.0,Australia,46,11,429.6,48.0,1.79,46.0
361509,576589,23084,RABBIT NIGHT LIGHT,12,11/15/2011 14:29,2.08,17659.0,United Kingdom,46,11,24.96,240.0,1.79,46.0
269676,576590,23084,RABBIT NIGHT LIGHT,6,11/15/2011 14:30,2.08,16240.0,United Kingdom,46,11,12.48,12.0,2.08,46.0
9994,576607,23084,RABBIT NIGHT LIGHT,24,11/15/2011 15:42,1.79,12474.0,Germany,46,11,42.96,6.0,2.08,46.0
340905,576611,23084,RABBIT NIGHT LIGHT,10,11/15/2011 16:29,2.08,17357.0,United Kingdom,46,11,20.8,24.0,1.79,46.0
332587,576615,23084,RABBIT NIGHT LIGHT,3,11/15/2011 16:42,2.08,17231.0,United Kingdom,46,11,6.24,10.0,2.08,46.0
522115,576617,23084,RABBIT NIGHT LIGHT,56,11/15/2011 16:57,4.13,,United Kingdom,46,11,231.28,3.0,2.08,46.0
522778,576618,23084,RABBIT NIGHT LIGHT,37,11/15/2011 17:00,4.13,,United Kingdom,46,11,152.81,56.0,4.13,46.0
41215,576626,23084,RABBIT NIGHT LIGHT,1,11/15/2011 17:26,2.08,12890.0,United Kingdom,46,11,2.08,37.0,4.13,46.0
75456,576628,23084,RABBIT NIGHT LIGHT,6,11/16/2011 8:28,2.08,13449.0,United Kingdom,46,11,12.48,1.0,2.08,46.0
20084,576629,23084,RABBIT NIGHT LIGHT,24,11/16/2011 8:37,1.79,12621.0,Germany,46,11,42.96,6.0,2.08,46.0
68442,576634,23084,RABBIT NIGHT LIGHT,12,11/16/2011 9:28,2.08,13297.0,United Kingdom,46,11,24.96,24.0,1.79,46.0
41806,576636,23084,RABBIT NIGHT LIGHT,48,11/16/2011 9:34,1.79,12912.0,United Kingdom,46,11,85.92,12.0,2.08,46.0
158874,576651,23084,RABBIT NIGHT LIGHT,6,11/16/2011 10:37,2.08,14626.0,United Kingdom,46,11,12.48,48.0,1.79,46.0
45027,576667,23084,RABBIT NIGHT LIGHT,12,11/16/2011 11:48,2.08,12963.0,United Kingdom,46,11,24.96,6.0,2.08,46.0
29190,576672,23084,RABBIT NIGHT LIGHT,72,11/16/2011 11:59,1.79,12731.0,France,46,11,128.88,12.0,2.08,46.0
112453,576684,23084,RABBIT NIGHT LIGHT,12,11/16/2011 12:08,2.08,14092.0,United Kingdom,46,11,24.96,72.0,1.79,46.0
292960,576689,23084,RABBIT NIGHT LIGHT,1,11/16/2011 12:18,2.08,16657.0,United Kingdom,46,11,2.08,12.0,2.08,46.0
292959,576689,23084,RABBIT NIGHT LIGHT,1,11/16/2011 12:18,2.08,16657.0,United Kingdom,46,11,2.08,1.0,2.08,46.0
292937,576689,23084,RABBIT NIGHT LIGHT,2,11/16/2011 12:18,2.08,16657.0,United Kingdom,46,11,4.16,1.0,2.08,46.0
283683,576695,23084,RABBIT NIGHT LIGHT,3,11/16/2011 12:25,2.08,16469.0,United Kingdom,46,11,6.24,2.0,2.08,46.0
293253,576696,23084,RABBIT NIGHT LIGHT,4,11/16/2011 12:26,2.08,16669.0,United Kingdom,46,11,8.32,3.0,2.08,46.0
73581,576768,23084,RABBIT NIGHT LIGHT,48,11/16/2011 13:13,1.79,13408.0,United Kingdom,46,11,85.92,4.0,2.08,46.0
152183,576779,23084,RABBIT NIGHT LIGHT,12,11/16/2011 13:25,2.08,14554.0,United Kingdom,46,11,24.96,48.0,1.79,46.0
268126,576784,23084,RABBIT NIGHT LIGHT,4,11/16/2011 13:40,2.08,16204.0,United Kingdom,46,11,8.32,12.0,2.08,46.0
177251,576809,23084,RABBIT NIGHT LIGHT,6,11/16/2011 14:20,2.08,14851.0,United Kingdom,46,11,12.48,4.0,2.08,46.0
523316,576828,23084,RABBIT NIGHT LIGHT,1,11/16/2011 14:36,2.08,,United Kingdom,46,11,2.08,6.0,2.08,46.0
523332,576829,23084,RABBIT NIGHT LIGHT,12,11/16/2011 14:40,2.08,,EIRE,46,11,24.96,1.0,2.08,46.0
55942,576832,23084,RABBIT NIGHT LIGHT,48,11/16/2011 15:01,1.79,13102.0,United Kingdom,46,11,85.92,12.0,2.08,46.0
523737,576837,23084,RABBIT NIGHT LIGHT,36,11/16/2011 15:16,4.13,,United Kingdom,46,11,148.68,48.0,1.79,46.0
524234,576840,23084,RABBIT NIGHT LIGHT,58,11/16/2011 15:23,4.13,,United Kingdom,46,11,239.54,36.0,4.13,46.0
84678,576842,23084,RABBIT NIGHT LIGHT,24,11/16/2011 15:31,1.79,13599.0,United Kingdom,46,11,42.96,58.0,4.13,46.0
320372,576847,23084,RABBIT NIGHT LIGHT,24,11/16/2011 15:35,1.79,17017.0,United Kingdom,46,11,42.96,24.0,1.79,46.0
197398,576848,23084,RABBIT NIGHT LIGHT,2,11/16/2011 15:38,2.08,15051.0,United Kingdom,46,11,4.16,24.0,1.79,46.0
357276,576860,23084,RABBIT NIGHT LIGHT,6,11/16/2011 15:58,2.08,17602.0,United Kingdom,46,11,12.48,2.0,2.08,46.0
20604,576863,23084,RABBIT NIGHT LIGHT,6,11/16/2011 16:06,2.08,12626.0,Germany,46,11,12.48,6.0,2.08,46.0
185423,576880,23084,RABBIT NIGHT LIGHT,6,11/16/2011 17:03,2.08,14911.0,EIRE,46,11,12.48,6.0,2.08,46.0
8883,576909,23084,RABBIT NIGHT LIGHT,6,11/17/2011 9:49,2.08,12471.0,Germany,46,11,12.48,6.0,2.08,46.0
92851,576912,23084,RABBIT NIGHT LIGHT,120,11/17/2011 10:01,1.79,13756.0,United Kingdom,46,11,214.8,6.0,2.08,46.0
98783,576920,23084,RABBIT NIGHT LIGHT,12,11/17/2011 10:49,2.08,13871.0,United Kingdom,46,11,24.96,120.0,1.79,46.0
34989,576923,23084,RABBIT NIGHT LIGHT,120,11/17/2011 10:52,1.79,12753.0,Japan,46,11,214.8,12.0,2.08,46.0
176254,576930,23084,RABBIT NIGHT LIGHT,24,11/17/2011 11:09,1.79,14834.0,United Kingdom,46,11,42.96,120.0,1.79,46.0
226705,576933,23084,RABBIT NIGHT LIGHT,6,11/17/2011 11:29,2.08,15529.0,United Kingdom,46,11,12.48,24.0,1.79,46.0
15989,576941,23084,RABBIT NIGHT LIGHT,48,11/17/2011 11:34,1.79,12562.0,France,46,11,85.92,6.0,2.08,46.0
106484,576971,23084,RABBIT NIGHT LIGHT,48,11/17/2011 11:51,1.79,14032.0,United Kingdom,46,11,85.92,48.0,1.79,46.0
309309,577008,23084,RABBIT NIGHT LIGHT,4,11/17/2011 12:02,2.08,16869.0,United Kingdom,46,11,8.32,48.0,1.79,46.0
332926,577026,23084,RABBIT NIGHT LIGHT,10,11/17/2011 12:55,2.08,17237.0,United Kingdom,46,11,20.8,4.0,2.08,46.0
210584,577031,23084,RABBIT NIGHT LIGHT,24,11/17/2011 13:00,1.79,15298.0,United Kingdom,46,11,42.96,10.0,2.08,46.0
343996,577049,23084,RABBIT NIGHT LIGHT,1,11/17/2011 13:58,2.08,17397.0,United Kingdom,46,11,2.08,24.0,1.79,46.0
33160,577057,23084,RABBIT NIGHT LIGHT,2,11/17/2011 14:26,2.08,12748.0,United Kingdom,46,11,4.16,1.0,2.08,46.0
33206,577057,23084,RABBIT NIGHT LIGHT,3,11/17/2011 14:26,2.08,12748.0,United Kingdom,46,11,6.24,2.0,2.08,46.0
399030,577058,23084,RABBIT NIGHT LIGHT,1,11/17/2011 14:29,2.08,18122.0,United Kingdom,46,11,2.08,3.0,2.08,46.0
185510,577061,23084,RABBIT NIGHT LIGHT,12,11/17/2011 14:40,2.08,14911.0,EIRE,46,11,24.96,1.0,2.08,46.0
26323,577067,23084,RABBIT NIGHT LIGHT,24,11/17/2011 14:49,1.79,12704.0,Finland,46,11,42.96,12.0,2.08,46.0
102597,577071,23084,RABBIT NIGHT LIGHT,6,11/17/2011 14:56,2.08,13969.0,United Kingdom,46,11,12.48,24.0,1.79,46.0
372223,577077,23084,RABBIT NIGHT LIGHT,7,11/17/2011 15:16,2.08,17799.0,United Kingdom,46,11,14.56,6.0,2.08,46.0
524542,577078,23084,RABBIT NIGHT LIGHT,25,11/17/2011 15:17,4.13,,United Kingdom,46,11,103.25,7.0,2.08,46.0
138962,577079,23084,RABBIT NIGHT LIGHT,48,11/17/2011 15:22,1.79,14416.0,United Kingdom,46,11,85.92,25.0,4.13,46.0
46288,577085,23084,RABBIT NIGHT LIGHT,12,11/17/2011 15:47,2.08,12997.0,United Kingdom,46,11,24.96,48.0,1.79,46.0
286628,577091,23084,RABBIT NIGHT LIGHT,6,11/17/2011 16:29,2.08,16531.0,United Kingdom,46,11,12.48,12.0,2.08,46.0
54068,577093,23084,RABBIT NIGHT LIGHT,24,11/17/2011 16:37,1.79,13089.0,United Kingdom,46,11,42.96,6.0,2.08,46.0
249259,577095,23084,RABBIT NIGHT LIGHT,3,11/17/2011 16:39,2.08,15867.0,United Kingdom,46,11,6.24,24.0,1.79,46.0
289094,577107,23084,RABBIT NIGHT LIGHT,6,11/17/2011 17:30,2.08,16558.0,United Kingdom,46,11,12.48,3.0,2.08,46.0
24249,577121,23084,RABBIT NIGHT LIGHT,96,11/17/2011 18:29,1.79,12681.0,France,46,11,171.84,6.0,2.08,46.0
3425,577126,23084,RABBIT NIGHT LIGHT,24,11/17/2011 19:22,1.79,12406.0,Denmark,46,11,42.96,96.0,1.79,46.0
147089,577128,23084,RABBIT NIGHT LIGHT,4,11/17/2011 19:48,2.08,14508.0,United Kingdom,46,11,8.32,24.0,1.79,46.0
5274,577135,23084,RABBIT NIGHT LIGHT,24,11/18/2011 8:56,1.79,12427.0,Germany,46,11,42.96,4.0,2.08,46.0
67635,577141,23084,RABBIT NIGHT LIGHT,6,11/18/2011 9:11,2.08,13269.0,United Kingdom,46,11,12.48,24.0,1.79,46.0
61964,577143,23084,RABBIT NIGHT LIGHT,6,11/18/2011 9:31,2.08,13200.0,United Kingdom,46,11,12.48,6.0,2.08,46.0
525127,577150,23084,RABBIT NIGHT LIGHT,48,11/18/2011 9:48,4.96,,United Kingdom,46,11,238.07999999999998,6.0,2.08,46.0
49815,577155,23084,RABBIT NIGHT LIGHT,6,11/18/2011 9:56,2.08,13050.0,United Kingdom,46,11,12.48,48.0,4.96,46.0
285577,577167,23084,RABBIT NIGHT LIGHT,3,11/18/2011 10:41,2.08,16511.0,United Kingdom,46,11,6.24,6.0,2.08,46.0
33311,577177,23084,RABBIT NIGHT LIGHT,2,11/18/2011 11:10,2.08,12748.0,United Kingdom,46,11,4.16,3.0,2.08,46.0
2267,577180,23084,RABBIT NIGHT LIGHT,48,11/18/2011 11:27,1.79,12380.0,Belgium,46,11,85.92,2.0,2.08,46.0
24762,577295,23084,RABBIT NIGHT LIGHT,72,11/18/2011 12:46,1.79,12682.0,France,46,11,128.88,48.0,1.79,46.0
336486,577319,23084,RABBIT NIGHT LIGHT,3,11/18/2011 13:43,2.08,17301.0,United Kingdom,46,11,6.24,72.0,1.79,46.0
99138,577320,23084,RABBIT NIGHT LIGHT,6,11/18/2011 13:44,2.08,13880.0,United Kingdom,46,11,12.48,3.0,2.08,46.0
178091,577333,23084,RABBIT NIGHT LIGHT,12,11/18/2011 14:40,2.08,14868.0,United Kingdom,46,11,24.96,6.0,2.08,46.0
223074,577337,23084,RABBIT NIGHT LIGHT,1,11/18/2011 14:51,2.08,15494.0,United Kingdom,46,11,2.08,12.0,2.08,46.0
55593,577357,23084,RABBIT NIGHT LIGHT,72,11/18/2011 15:54,1.79,13098.0,United Kingdom,46,11,128.88,1.0,2.08,46.0
525434,577358,23084,RABBIT NIGHT LIGHT,279,11/18/2011 15:59,4.13,,United Kingdom,46,11,1152.27,72.0,1.79,46.0
54344,577488,23084,RABBIT NIGHT LIGHT,24,11/20/2011 12:00,1.79,13090.0,United Kingdom,46,11,42.96,279.0,4.13,46.0
110581,577501,23084,RABBIT NIGHT LIGHT,12,11/20/2011 12:32,2.08,14075.0,United Kingdom,46,11,24.96,24.0,1.79,46.0
18441,577502,23084,RABBIT NIGHT LIGHT,18,11/20/2011 12:34,2.08,12598.0,France,46,11,37.44,12.0,2.08,46.0
167714,577507,23084,RABBIT NIGHT LIGHT,5,11/20/2011 12:42,2.08,14710.0,United Kingdom,46,11,10.4,18.0,2.08,46.0
196845,577519,23084,RABBIT NIGHT LIGHT,4,11/20/2011 13:20,2.08,15044.0,United Kingdom,46,11,8.32,5.0,2.08,46.0
18320,577523,23084,RABBIT NIGHT LIGHT,6,11/20/2011 13:33,2.08,12597.0,Spain,46,11,12.48,4.0,2.08,46.0
246761,577536,23084,RABBIT NIGHT LIGHT,2,11/20/2011 14:14,2.08,15850.0,United Kingdom,46,11,4.16,6.0,2.08,46.0
316100,577545,23084,RABBIT NIGHT LIGHT,3,11/20/2011 14:43,2.08,16931.0,United Kingdom,46,11,6.24,2.0,2.08,46.0
2990,577551,23084,RABBIT NIGHT LIGHT,6,11/20/2011 15:21,2.08,12395.0,Belgium,46,11,12.48,3.0,2.08,46.0
218896,577557,23084,RABBIT NIGHT LIGHT,3,11/20/2011 15:36,2.08,15426.0,United Kingdom,46,11,6.24,6.0,2.08,46.0
218829,577557,23084,RABBIT NIGHT LIGHT,2,11/20/2011 15:36,2.08,15426.0,United Kingdom,46,11,4.16,3.0,2.08,46.0
216559,577610,23084,RABBIT NIGHT LIGHT,6,11/21/2011 9:55,2.08,15373.0,United Kingdom,47,11,12.48,2.0,2.08,46.0
36918,577618,23084,RABBIT NIGHT LIGHT,6,11/21/2011 10:27,2.08,12795.0,Portugal,47,11,12.48,6.0,2.08,47.0
17533,577687,23084,RABBIT NIGHT LIGHT,48,11/21/2011 11:16,1.79,12583.0,France,47,11,85.92,6.0,2.08,47.0
39699,577690,23084,RABBIT NIGHT LIGHT,5,11/21/2011 11:34,2.08,12856.0,United Kingdom,47,11,10.4,48.0,1.79,47.0
188597,577698,23084,RABBIT NIGHT LIGHT,7,11/21/2011 12:05,2.08,14963.0,United Kingdom,47,11,14.56,5.0,2.08,47.0
297655,577723,23084,RABBIT NIGHT LIGHT,6,11/21/2011 12:36,2.08,16713.0,United Kingdom,47,11,12.48,7.0,2.08,47.0
42727,577741,23084,RABBIT NIGHT LIGHT,12,11/21/2011 13:40,2.08,12921.0,United Kingdom,47,11,24.96,6.0,2.08,47.0
92657,577742,23084,RABBIT NIGHT LIGHT,20,11/21/2011 13:41,2.08,13755.0,United Kingdom,47,11,41.6,12.0,2.08,47.0
92621,577742,23084,RABBIT NIGHT LIGHT,1,11/21/2011 13:41,2.08,13755.0,United Kingdom,47,11,2.08,20.0,2.08,47.0
319832,577755,23084,RABBIT NIGHT LIGHT,6,11/21/2011 14:49,2.08,17010.0,United Kingdom,47,11,12.48,1.0,2.08,47.0
201399,577756,23084,RABBIT NIGHT LIGHT,6,11/21/2011 14:59,2.08,15115.0,United Kingdom,47,11,12.48,6.0,2.08,47.0
526446,577768,23084,RABBIT NIGHT LIGHT,26,11/21/2011 15:18,4.13,,United Kingdom,47,11,107.38,6.0,2.08,47.0
262591,577823,23084,RABBIT NIGHT LIGHT,120,11/22/2011 9:40,1.79,16107.0,United Kingdom,47,11,214.8,26.0,4.13,47.0
352251,577834,23084,RABBIT NIGHT LIGHT,6,11/22/2011 10:21,2.08,17528.0,United Kingdom,47,11,12.48,120.0,1.79,47.0
176255,577837,23084,RABBIT NIGHT LIGHT,72,11/22/2011 10:30,1.79,14834.0,United Kingdom,47,11,128.88,6.0,2.08,47.0
129127,577841,23084,RABBIT NIGHT LIGHT,48,11/22/2011 10:35,1.79,14262.0,United Kingdom,47,11,85.92,72.0,1.79,47.0
526556,577844,23084,RABBIT NIGHT LIGHT,40,11/22/2011 10:41,4.96,,United Kingdom,47,11,198.4,48.0,1.79,47.0
185686,577850,23084,RABBIT NIGHT LIGHT,6,11/22/2011 11:04,2.08,14911.0,EIRE,47,11,12.48,40.0,4.96,47.0
66907,577851,23084,RABBIT NIGHT LIGHT,24,11/22/2011 11:04,1.79,13267.0,United Kingdom,47,11,42.96,6.0,2.08,47.0
88716,577853,23084,RABBIT NIGHT LIGHT,6,11/22/2011 11:13,2.08,13681.0,United Kingdom,47,11,12.48,24.0,1.79,47.0
264004,577854,23084,RABBIT NIGHT LIGHT,18,11/22/2011 11:14,2.08,16128.0,United Kingdom,47,11,37.44,6.0,2.08,47.0
11778,577856,23084,RABBIT NIGHT LIGHT,72,11/22/2011 11:19,1.79,12490.0,France,47,11,128.88,18.0,2.08,47.0
333407,577951,23084,RABBIT NIGHT LIGHT,3,11/22/2011 12:09,2.08,17238.0,United Kingdom,47,11,6.24,72.0,1.79,47.0
274675,577980,23084,RABBIT NIGHT LIGHT,1,11/22/2011 12:24,2.08,16330.0,United Kingdom,47,11,2.08,3.0,2.08,47.0
26644,578024,23084,RABBIT NIGHT LIGHT,24,11/22/2011 13:27,1.79,12705.0,Germany,47,11,42.96,1.0,2.08,47.0
361553,578026,23084,RABBIT NIGHT LIGHT,6,11/22/2011 13:29,2.08,17659.0,United Kingdom,47,11,12.48,24.0,1.79,47.0
22378,578033,23084,RABBIT NIGHT LIGHT,12,11/22/2011 13:42,2.08,12656.0,France,47,11,24.96,6.0,2.08,47.0
284267,578036,23084,RABBIT NIGHT LIGHT,9,11/22/2011 14:04,2.08,16474.0,United Kingdom,47,11,18.72,12.0,2.08,47.0
10017,578043,23084,RABBIT NIGHT LIGHT,12,11/22/2011 14:39,2.08,12474.0,Germany,47,11,24.96,9.0,2.08,47.0
405122,578058,23084,RABBIT NIGHT LIGHT,6,11/22/2011 15:07,2.08,18249.0,United Kingdom,47,11,12.48,12.0,2.08,47.0
526931,578065,23084,RABBIT NIGHT LIGHT,32,11/22/2011 15:41,4.13,,United Kingdom,47,11,132.16,6.0,2.08,47.0
527375,578067,23084,RABBIT NIGHT LIGHT,19,11/22/2011 15:43,4.13,,United Kingdom,47,11,78.47,32.0,4.13,47.0
146544,578068,23084,RABBIT NIGHT LIGHT,2,11/22/2011 15:45,2.08,14505.0,United Kingdom,47,11,4.16,19.0,4.13,47.0
84687,578071,23084,RABBIT NIGHT LIGHT,24,11/22/2011 15:52,1.79,13599.0,United Kingdom,47,11,42.96,2.0,2.08,47.0
355985,578074,23084,RABBIT NIGHT LIGHT,8,11/22/2011 16:06,2.08,17590.0,United Kingdom,47,11,16.64,24.0,1.79,47.0
103900,578079,23084,RABBIT NIGHT LIGHT,12,11/22/2011 16:26,2.08,13985.0,United Kingdom,47,11,24.96,8.0,2.08,47.0
11145,578089,23084,RABBIT NIGHT LIGHT,48,11/22/2011 17:02,1.79,12483.0,Sweden,47,11,85.92,12.0,2.08,47.0
152213,578091,23084,RABBIT NIGHT LIGHT,24,11/22/2011 17:15,1.79,14554.0,United Kingdom,47,11,42.96,48.0,1.79,47.0
43453,578096,23084,RABBIT NIGHT LIGHT,12,11/22/2011 17:26,2.08,12936.0,United Kingdom,47,11,24.96,24.0,1.79,47.0
43477,578098,23084,RABBIT NIGHT LIGHT,1,11/22/2011 17:32,2.08,12936.0,United Kingdom,47,11,2.08,12.0,2.08,47.0
7745,578099,23084,RABBIT NIGHT LIGHT,6,11/23/2011 8:05,2.08,12452.0,Switzerland,47,11,12.48,1.0,2.08,47.0
245068,578100,23084,RABBIT NIGHT LIGHT,6,11/23/2011 8:17,2.08,15814.0,United Kingdom,47,11,12.48,6.0,2.08,47.0
102629,578104,23084,RABBIT NIGHT LIGHT,24,11/23/2011 8:43,1.79,13969.0,United Kingdom,47,11,42.96,6.0,2.08,47.0
51116,578116,23084,RABBIT NIGHT LIGHT,48,11/23/2011 9:51,1.79,13078.0,United Kingdom,47,11,85.92,24.0,1.79,47.0
363840,578171,23084,RABBIT NIGHT LIGHT,24,11/23/2011 11:36,1.79,17685.0,United Kingdom,47,11,42.96,48.0,1.79,47.0
107880,578233,23084,RABBIT NIGHT LIGHT,4,11/23/2011 12:20,2.08,14049.0,United Kingdom,47,11,8.32,24.0,1.79,47.0
250508,578250,23084,RABBIT NIGHT LIGHT,1,11/23/2011 12:43,2.08,15901.0,United Kingdom,47,11,2.08,4.0,2.08,47.0
254839,578251,23084,RABBIT NIGHT LIGHT,6,11/23/2011 12:45,2.08,15993.0,United Kingdom,47,11,12.48,1.0,2.08,47.0
261541,578252,23084,RABBIT NIGHT LIGHT,48,11/23/2011 12:48,1.79,16079.0,United Kingdom,47,11,85.92,6.0,2.08,47.0
164293,578255,23084,RABBIT NIGHT LIGHT,6,11/23/2011 12:58,2.08,14675.0,United Kingdom,47,11,12.48,48.0,1.79,47.0
33533,578264,23084,RABBIT NIGHT LIGHT,1,11/23/2011 13:27,2.08,12748.0,United Kingdom,47,11,2.08,6.0,2.08,47.0
116488,578270,23084,RABBIT NIGHT LIGHT,42,11/23/2011 13:39,4.13,14096.0,United Kingdom,47,11,173.46,1.0,2.08,47.0
251498,578275,23084,RABBIT NIGHT LIGHT,24,11/23/2011 13:46,1.79,15916.0,United Kingdom,47,11,42.96,42.0,4.13,47.0
28488,578277,23084,RABBIT NIGHT LIGHT,8,11/23/2011 13:51,2.08,12723.0,France,47,11,16.64,24.0,1.79,47.0
33629,578278,23084,RABBIT NIGHT LIGHT,10,11/23/2011 13:51,2.08,12748.0,United Kingdom,47,11,20.8,8.0,2.08,47.0
58606,578283,23084,RABBIT NIGHT LIGHT,48,11/23/2011 13:54,1.79,13139.0,United Kingdom,47,11,85.92,10.0,2.08,47.0
28514,578287,23084,RABBIT NIGHT LIGHT,2,11/23/2011 14:01,2.08,12723.0,France,47,11,4.16,48.0,1.79,47.0
320380,578297,23084,RABBIT NIGHT LIGHT,48,11/23/2011 14:51,1.79,17017.0,United Kingdom,47,11,85.92,2.0,2.08,47.0
336032,578307,23084,RABBIT NIGHT LIGHT,1,11/23/2011 15:53,2.08,17290.0,United Kingdom,47,11,2.08,48.0,1.79,47.0
346676,578310,23084,RABBIT NIGHT LIGHT,6,11/23/2011 16:22,2.08,17434.0,United Kingdom,47,11,12.48,1.0,2.08,47.0
106501,578312,23084,RABBIT NIGHT LIGHT,48,11/23/2011 16:24,1.79,14032.0,United Kingdom,47,11,85.92,6.0,2.08,47.0
528285,578344,23084,RABBIT NIGHT LIGHT,97,11/24/2011 9:21,2.08,,United Kingdom,47,11,201.76000000000002,48.0,1.79,47.0
528907,578347,23084,RABBIT NIGHT LIGHT,44,11/24/2011 9:26,4.13,,United Kingdom,47,11,181.72,97.0,2.08,47.0
11960,578348,23084,RABBIT NIGHT LIGHT,6,11/24/2011 9:34,2.08,12494.0,France,47,11,12.48,44.0,4.13,47.0
340458,578370,23084,RABBIT NIGHT LIGHT,6,11/24/2011 11:11,2.08,17346.0,United Kingdom,47,11,12.48,6.0,2.08,47.0
33743,578400,23084,RABBIT NIGHT LIGHT,2,11/24/2011 11:52,2.08,12748.0,United Kingdom,47,11,4.16,6.0,2.08,47.0
362033,578433,23084,RABBIT NIGHT LIGHT,24,11/24/2011 12:21,1.79,17671.0,United Kingdom,47,11,42.96,2.0,2.08,47.0
247862,578479,23084,RABBIT NIGHT LIGHT,2,11/24/2011 12:48,2.08,15858.0,United Kingdom,47,11,4.16,24.0,1.79,47.0
109315,578510,23084,RABBIT NIGHT LIGHT,7,11/24/2011 13:25,2.08,14056.0,United Kingdom,47,11,14.56,2.0,2.08,47.0
205331,578512,23084,RABBIT NIGHT LIGHT,6,11/24/2011 13:28,2.08,15187.0,United Kingdom,47,11,12.48,7.0,2.08,47.0
154846,578520,23084,RABBIT NIGHT LIGHT,1,11/24/2011 13:57,2.08,14591.0,United Kingdom,47,11,2.08,6.0,2.08,47.0
104718,578526,23084,RABBIT NIGHT LIGHT,6,11/24/2011 14:22,2.08,13995.0,United Kingdom,47,11,12.48,1.0,2.08,47.0
399540,578532,23084,RABBIT NIGHT LIGHT,6,11/24/2011 14:40,2.08,18130.0,United Kingdom,47,11,12.48,6.0,2.08,47.0
529172,578539,23084,RABBIT NIGHT LIGHT,12,11/24/2011 14:55,2.08,,Unspecified,47,11,24.96,6.0,2.08,47.0
129663,578541,23084,RABBIT NIGHT LIGHT,6,11/24/2011 15:01,2.08,14277.0,France,47,11,12.48,12.0,2.08,47.0
225135,578667,23084,RABBIT NIGHT LIGHT,15,11/24/2011 17:10,2.08,15514.0,United Kingdom,47,11,31.200000000000003,6.0,2.08,47.0
171244,578675,23084,RABBIT NIGHT LIGHT,6,11/24/2011 18:13,2.08,14756.0,United Kingdom,47,11,12.48,15.0,2.08,47.0
241021,578677,23084,RABBIT NIGHT LIGHT,6,11/24/2011 19:30,2.08,15750.0,United Kingdom,47,11,12.48,6.0,2.08,47.0
243268,578689,23084,RABBIT NIGHT LIGHT,120,11/25/2011 9:31,1.79,15793.0,United Kingdom,47,11,214.8,6.0,2.08,47.0
61910,578694,23084,RABBIT NIGHT LIGHT,96,11/25/2011 9:40,1.79,13199.0,United Kingdom,47,11,171.84,120.0,1.79,47.0
103920,578696,23084,RABBIT NIGHT LIGHT,18,11/25/2011 10:02,2.08,13985.0,United Kingdom,47,11,37.44,96.0,1.79,47.0
19663,578698,23084,RABBIT NIGHT LIGHT,6,11/25/2011 10:20,2.08,12620.0,France,47,11,12.48,18.0,2.08,47.0
217198,578702,23084,RABBIT NIGHT LIGHT,12,11/25/2011 10:58,2.08,15382.0,United Kingdom,47,11,24.96,6.0,2.08,47.0
13864,578705,23084,RABBIT NIGHT LIGHT,2,11/25/2011 11:12,2.08,12531.0,Germany,47,11,4.16,12.0,2.08,47.0
340735,578719,23084,RABBIT NIGHT LIGHT,2,11/25/2011 11:25,2.08,17348.0,United Kingdom,47,11,4.16,2.0,2.08,47.0
24277,578736,23084,RABBIT NIGHT LIGHT,120,11/25/2011 11:33,1.79,12681.0,France,47,11,214.8,2.0,2.08,47.0
529255,578746,23084,RABBIT NIGHT LIGHT,5,11/25/2011 11:36,4.96,,United Kingdom,47,11,24.8,120.0,1.79,47.0
33772,578757,23084,RABBIT NIGHT LIGHT,1,11/25/2011 11:41,2.08,12748.0,United Kingdom,47,11,2.08,5.0,4.96,47.0
33846,578757,23084,RABBIT NIGHT LIGHT,1,11/25/2011 11:41,2.08,12748.0,United Kingdom,47,11,2.08,1.0,2.08,47.0
529281,578788,23084,RABBIT NIGHT LIGHT,2,11/25/2011 12:17,2.08,,United Kingdom,47,11,4.16,1.0,2.08,47.0
41807,578820,23084,RABBIT NIGHT LIGHT,48,11/25/2011 13:58,1.79,12912.0,United Kingdom,47,11,85.92,2.0,2.08,47.0
529582,578827,23084,RABBIT NIGHT LIGHT,33,11/25/2011 14:25,4.13,,United Kingdom,47,11,136.29,48.0,1.79,47.0
529968,578833,23084,RABBIT NIGHT LIGHT,8,11/25/2011 15:23,4.96,,United Kingdom,47,11,39.68,33.0,4.13,47.0
24764,578835,23084,RABBIT NIGHT LIGHT,48,11/25/2011 15:44,1.79,12682.0,France,47,11,85.92,8.0,4.96,47.0
530396,578844,23084,RABBIT NIGHT LIGHT,25,11/25/2011 16:14,4.13,,United Kingdom,47,11,103.25,48.0,1.79,47.0
384306,578853,23084,RABBIT NIGHT LIGHT,6,11/27/2011 11:15,2.08,17864.0,United Kingdom,47,11,12.48,25.0,4.13,47.0
370410,578856,23084,RABBIT NIGHT LIGHT,48,11/27/2011 11:18,1.79,17769.0,United Kingdom,47,11,85.92,6.0,2.08,47.0
84337,578921,23084,RABBIT NIGHT LIGHT,1,11/27/2011 11:57,2.08,13596.0,United Kingdom,47,11,2.08,48.0,1.79,47.0
84310,578921,23084,RABBIT NIGHT LIGHT,1,11/27/2011 11:57,2.08,13596.0,United Kingdom,47,11,2.08,1.0,2.08,47.0
214796,578935,23084,RABBIT NIGHT LIGHT,7,11/27/2011 12:52,2.08,15351.0,United Kingdom,47,11,14.56,1.0,2.08,47.0
530649,578940,23084,RABBIT NIGHT LIGHT,24,11/27/2011 13:18,4.96,,United Kingdom,47,11,119.03999999999999,7.0,2.08,47.0
335776,578942,23084,RABBIT NIGHT LIGHT,4,11/27/2011 13:29,2.08,17288.0,United Kingdom,47,11,8.32,24.0,4.96,47.0
191537,578943,23084,RABBIT NIGHT LIGHT,10,11/27/2011 13:35,2.08,15009.0,United Kingdom,47,11,20.8,4.0,2.08,47.0
344940,578948,23084,RABBIT NIGHT LIGHT,6,11/27/2011 14:25,2.08,17411.0,United Kingdom,47,11,12.48,10.0,2.08,47.0
385599,578950,23084,RABBIT NIGHT LIGHT,1,11/27/2011 14:40,2.08,17885.0,United Kingdom,47,11,2.08,6.0,2.08,47.0
385557,578950,23084,RABBIT NIGHT LIGHT,1,11/27/2011 14:40,2.08,17885.0,United Kingdom,47,11,2.08,1.0,2.08,47.0
225144,578951,23084,RABBIT NIGHT LIGHT,192,11/27/2011 14:40,1.79,15514.0,United Kingdom,47,11,343.68,1.0,2.08,47.0
332661,578977,23084,RABBIT NIGHT LIGHT,6,11/27/2011 15:18,2.08,17231.0,United Kingdom,47,11,12.48,192.0,1.79,47.0
254287,578993,23084,RABBIT NIGHT LIGHT,4,11/27/2011 15:38,2.08,15987.0,United Kingdom,47,11,8.32,6.0,2.08,47.0
248499,578995,23084,RABBIT NIGHT LIGHT,6,11/27/2011 15:59,2.08,15861.0,United Kingdom,47,11,12.48,4.0,2.08,47.0
387776,579006,23084,RABBIT NIGHT LIGHT,72,11/28/2011 9:08,1.79,17924.0,United Kingdom,48,11,128.88,6.0,2.08,47.0
41615,579015,23084,RABBIT NIGHT LIGHT,24,11/28/2011 9:54,1.79,12906.0,United Kingdom,48,11,42.96,72.0,1.79,48.0
52183,579093,23084,RABBIT NIGHT LIGHT,12,11/28/2011 10:54,2.08,13081.0,United Kingdom,48,11,24.96,24.0,1.79,48.0
295977,579106,23084,RABBIT NIGHT LIGHT,24,11/28/2011 11:42,1.79,16705.0,United Kingdom,48,11,42.96,12.0,2.08,48.0
340480,579116,23084,RABBIT NIGHT LIGHT,22,11/28/2011 11:54,2.08,17346.0,United Kingdom,48,11,45.760000000000005,24.0,1.79,48.0
336433,579121,23084,RABBIT NIGHT LIGHT,12,11/28/2011 12:01,2.08,17299.0,United Kingdom,48,11,24.96,22.0,2.08,48.0
320593,579141,23084,RABBIT NIGHT LIGHT,1,11/28/2011 13:06,2.08,17019.0,United Kingdom,48,11,2.08,12.0,2.08,48.0
320634,579141,23084,RABBIT NIGHT LIGHT,7,11/28/2011 13:06,2.08,17019.0,United Kingdom,48,11,14.56,1.0,2.08,48.0
300730,579142,23084,RABBIT NIGHT LIGHT,7,11/28/2011 13:06,2.08,16744.0,United Kingdom,48,11,14.56,7.0,2.08,48.0
67665,579144,23084,RABBIT NIGHT LIGHT,24,11/28/2011 13:11,1.79,13269.0,United Kingdom,48,11,42.96,7.0,2.08,48.0
331086,579154,23084,RABBIT NIGHT LIGHT,12,11/28/2011 13:27,2.08,17218.0,United Kingdom,48,11,24.96,24.0,1.79,48.0
130345,579166,23084,RABBIT NIGHT LIGHT,6,11/28/2011 14:02,2.08,14290.0,United Kingdom,48,11,12.48,12.0,2.08,48.0
373427,579170,23084,RABBIT NIGHT LIGHT,1,11/28/2011 14:26,2.08,17811.0,United Kingdom,48,11,2.08,6.0,2.08,48.0
48669,579171,23084,RABBIT NIGHT LIGHT,1,11/28/2011 14:30,2.08,13030.0,United Kingdom,48,11,2.08,1.0,2.08,48.0
101513,579176,23084,RABBIT NIGHT LIGHT,24,11/28/2011 14:44,1.79,13950.0,United Kingdom,48,11,42.96,1.0,2.08,48.0
332933,579179,23084,RABBIT NIGHT LIGHT,12,11/28/2011 15:02,2.08,17237.0,United Kingdom,48,11,24.96,24.0,1.79,48.0
531002,579187,23084,RABBIT NIGHT LIGHT,33,11/28/2011 15:31,4.13,,United Kingdom,48,11,136.29,12.0,2.08,48.0
34018,579188,23084,RABBIT NIGHT LIGHT,18,11/28/2011 15:34,2.08,12748.0,United Kingdom,48,11,37.44,33.0,4.13,48.0
244006,579194,23084,RABBIT NIGHT LIGHT,12,11/28/2011 15:50,2.08,15804.0,United Kingdom,48,11,24.96,18.0,2.08,48.0
116932,579196,23084,RABBIT NIGHT LIGHT,49,11/28/2011 15:54,4.13,14096.0,United Kingdom,48,11,202.37,12.0,2.08,48.0
179654,579255,23084,RABBIT NIGHT LIGHT,8,11/28/2011 17:09,2.08,14901.0,United Kingdom,48,11,16.64,49.0,4.13,48.0
84696,579265,23084,RABBIT NIGHT LIGHT,24,11/29/2011 9:15,1.79,13599.0,United Kingdom,48,11,42.96,8.0,2.08,48.0
210599,579279,23084,RABBIT NIGHT LIGHT,48,11/29/2011 10:23,1.79,15298.0,United Kingdom,48,11,85.92,24.0,1.79,48.0
370575,579286,23084,RABBIT NIGHT LIGHT,2,11/29/2011 10:57,2.08,17772.0,United Kingdom,48,11,4.16,48.0,1.79,48.0
531259,579291,23084,RABBIT NIGHT LIGHT,38,11/29/2011 11:21,4.96,,United Kingdom,48,11,188.48,2.0,2.08,48.0
28849,579345,23084,RABBIT NIGHT LIGHT,24,11/29/2011 11:46,1.79,12727.0,France,48,11,42.96,38.0,4.96,48.0
123541,579365,23084,RABBIT NIGHT LIGHT,6,11/29/2011 11:54,2.08,14173.0,United Kingdom,48,11,12.48,24.0,1.79,48.0
151841,579401,23084,RABBIT NIGHT LIGHT,30,11/29/2011 12:12,1.79,14550.0,United Kingdom,48,11,53.7,6.0,2.08,48.0
119175,579412,23084,RABBIT NIGHT LIGHT,6,11/29/2011 12:47,2.08,14125.0,United Kingdom,48,11,12.48,30.0,1.79,48.0
8937,579416,23084,RABBIT NIGHT LIGHT,72,11/29/2011 13:00,1.79,12471.0,Germany,48,11,128.88,6.0,2.08,48.0
284471,579427,23084,RABBIT NIGHT LIGHT,4,11/29/2011 13:04,2.08,16479.0,United Kingdom,48,11,8.32,72.0,1.79,48.0
348551,579433,23084,RABBIT NIGHT LIGHT,6,11/29/2011 13:15,2.08,17466.0,United Kingdom,48,11,12.48,4.0,2.08,48.0
136402,579440,23084,RABBIT NIGHT LIGHT,6,11/29/2011 13:32,2.08,14388.0,United Kingdom,48,11,12.48,6.0,2.08,48.0
104918,579444,23084,RABBIT NIGHT LIGHT,24,11/29/2011 13:40,1.79,13999.0,United Kingdom,48,11,42.96,6.0,2.08,48.0
74658,579456,23084,RABBIT NIGHT LIGHT,3,11/29/2011 14:20,2.08,13428.0,United Kingdom,48,11,6.24,24.0,1.79,48.0
74609,579456,23084,RABBIT NIGHT LIGHT,3,11/29/2011 14:20,2.08,13428.0,United Kingdom,48,11,6.24,3.0,2.08,48.0
79855,579472,23084,RABBIT NIGHT LIGHT,1,11/29/2011 15:09,2.08,13521.0,United Kingdom,48,11,2.08,3.0,2.08,48.0
79939,579472,23084,RABBIT NIGHT LIGHT,2,11/29/2011 15:09,2.08,13521.0,United Kingdom,48,11,4.16,1.0,2.08,48.0
23170,579492,23084,RABBIT NIGHT LIGHT,48,11/29/2011 15:23,1.79,12670.0,France,48,11,85.92,2.0,2.08,48.0
36948,579498,23084,RABBIT NIGHT LIGHT,2040,11/29/2011 15:52,1.79,12798.0,Japan,48,11,3651.6,48.0,1.79,48.0
51126,579505,23084,RABBIT NIGHT LIGHT,48,11/29/2011 16:31,1.79,13078.0,United Kingdom,48,11,85.92,2040.0,1.79,48.0
531930,579508,23084,RABBIT NIGHT LIGHT,53,11/29/2011 16:33,4.13,,United Kingdom,48,11,218.89,48.0,1.79,48.0
152217,579510,23084,RABBIT NIGHT LIGHT,24,11/29/2011 16:44,1.79,14554.0,United Kingdom,48,11,42.96,53.0,4.13,48.0
532593,579512,23084,RABBIT NIGHT LIGHT,38,11/29/2011 16:47,4.13,,United Kingdom,48,11,156.94,24.0,1.79,48.0
295106,579514,23084,RABBIT NIGHT LIGHT,12,11/29/2011 17:12,2.08,16688.0,United Kingdom,48,11,24.96,38.0,4.13,48.0
34137,579520,23084,RABBIT NIGHT LIGHT,3,11/29/2011 18:14,2.08,12748.0,United Kingdom,48,11,6.24,12.0,2.08,48.0
11531,579529,23084,RABBIT NIGHT LIGHT,24,11/30/2011 8:50,1.79,12488.0,France,48,11,42.96,3.0,2.08,48.0
320395,579531,23084,RABBIT NIGHT LIGHT,48,11/30/2011 9:18,1.79,17017.0,United Kingdom,48,11,85.92,24.0,1.79,48.0
218237,579535,23084,RABBIT NIGHT LIGHT,24,11/30/2011 9:50,1.79,15414.0,United Kingdom,48,11,42.96,48.0,1.79,48.0
162231,579543,23084,RABBIT NIGHT LIGHT,2,11/30/2011 10:14,2.08,14653.0,United Kingdom,48,11,4.16,24.0,1.79,48.0
55607,579545,23084,RABBIT NIGHT LIGHT,24,11/30/2011 10:18,1.79,13098.0,United Kingdom,48,11,42.96,2.0,2.08,48.0
532828,579557,23084,RABBIT NIGHT LIGHT,21,11/30/2011 11:18,4.96,,United Kingdom,48,11,104.16,24.0,1.79,48.0
292978,579571,23084,RABBIT NIGHT LIGHT,5,11/30/2011 11:48,2.08,16657.0,United Kingdom,48,11,10.4,21.0,4.96,48.0
188605,579629,23084,RABBIT NIGHT LIGHT,13,11/30/2011 12:16,2.08,14963.0,United Kingdom,48,11,27.04,5.0,2.08,48.0
235256,579675,23084,RABBIT NIGHT LIGHT,12,11/30/2011 13:08,2.08,15654.0,United Kingdom,48,11,24.96,13.0,2.08,48.0
198194,579690,23084,RABBIT NIGHT LIGHT,1,11/30/2011 14:03,2.08,15060.0,United Kingdom,48,11,2.08,12.0,2.08,48.0
24770,579708,23084,RABBIT NIGHT LIGHT,48,11/30/2011 14:16,1.79,12682.0,France,48,11,85.92,1.0,2.08,48.0
533110,579744,23084,RABBIT NIGHT LIGHT,24,11/30/2011 14:38,1.79,,United Kingdom,48,11,42.96,48.0,1.79,48.0
533885,579777,23084,RABBIT NIGHT LIGHT,27,11/30/2011 15:13,4.13,,United Kingdom,48,11,111.50999999999999,24.0,1.79,48.0
27606,579792,23084,RABBIT NIGHT LIGHT,24,11/30/2011 15:43,1.79,12714.0,France,48,11,42.96,27.0,4.13,48.0
346710,579832,23084,RABBIT NIGHT LIGHT,12,11/30/2011 15:58,2.08,17434.0,United Kingdom,48,11,24.96,24.0,1.79,48.0
42816,579846,23084,RABBIT NIGHT LIGHT,18,11/30/2011 16:22,2.08,12921.0,United Kingdom,48,11,37.44,12.0,2.08,48.0
313469,579865,23084,RABBIT NIGHT LIGHT,27,11/30/2011 16:39,1.79,16915.0,United Kingdom,48,11,48.33,18.0,2.08,48.0
271992,579867,23084,RABBIT NIGHT LIGHT,12,11/30/2011 16:41,2.08,16265.0,United Kingdom,48,11,24.96,27.0,1.79,48.0
6748,579870,23084,RABBIT NIGHT LIGHT,24,11/30/2011 16:47,1.79,12437.0,France,48,11,42.96,12.0,2.08,48.0
5670,579881,23084,RABBIT NIGHT LIGHT,12,11/30/2011 17:22,2.08,12429.0,Denmark,48,11,24.96,24.0,1.79,48.0
220520,579885,23084,RABBIT NIGHT LIGHT,6,11/30/2011 17:37,2.08,15444.0,United Kingdom,48,11,12.48,12.0,2.08,48.0
205335,579916,23084,RABBIT NIGHT LIGHT,24,12/1/2011 8:57,1.79,15187.0,United Kingdom,48,12,42.96,6.0,2.08,48.0
120187,579938,23084,RABBIT NIGHT LIGHT,6,12/1/2011 10:18,2.08,14146.0,United Kingdom,48,12,12.48,24.0,1.79,48.0
316654,579940,23084,RABBIT NIGHT LIGHT,6,12/1/2011 10:20,2.08,16938.0,United Kingdom,48,12,12.48,6.0,2.08,48.0
285027,579941,23084,RABBIT NIGHT LIGHT,6,12/1/2011 10:31,2.08,16496.0,United Kingdom,48,12,12.48,6.0,2.08,48.0
254932,579946,23084,RABBIT NIGHT LIGHT,12,12/1/2011 10:44,2.08,15993.0,United Kingdom,48,12,24.96,6.0,2.08,48.0
295710,579954,23084,RABBIT NIGHT LIGHT,24,12/1/2011 11:10,1.79,16701.0,United Kingdom,48,12,42.96,12.0,2.08,48.0
130253,580022,23084,RABBIT NIGHT LIGHT,6,12/1/2011 11:44,2.08,14289.0,United Kingdom,48,12,12.48,24.0,1.79,48.0
124112,580027,23084,RABBIT NIGHT LIGHT,2,12/1/2011 12:01,2.08,14178.0,United Kingdom,48,12,4.16,6.0,2.08,48.0
84705,580049,23084,RABBIT NIGHT LIGHT,6,12/1/2011 12:54,2.08,13599.0,United Kingdom,48,12,12.48,2.0,2.08,48.0
41818,580053,23084,RABBIT NIGHT LIGHT,48,12/1/2011 13:03,1.79,12912.0,United Kingdom,48,12,85.92,6.0,2.08,48.0
135659,580058,23084,RABBIT NIGHT LIGHT,24,12/1/2011 13:19,1.79,14367.0,United Kingdom,48,12,42.96,48.0,1.79,48.0
248697,580062,23084,RABBIT NIGHT LIGHT,1,12/1/2011 13:28,2.08,15862.0,United Kingdom,48,12,2.08,24.0,1.79,48.0
394906,580064,23084,RABBIT NIGHT LIGHT,24,12/1/2011 13:32,1.79,18077.0,United Kingdom,48,12,42.96,1.0,2.08,48.0
133125,580066,23084,RABBIT NIGHT LIGHT,24,12/1/2011 13:33,1.79,14309.0,United Kingdom,48,12,42.96,24.0,1.79,48.0
169994,580089,23084,RABBIT NIGHT LIGHT,18,12/1/2011 14:34,2.08,14732.0,United Kingdom,48,12,37.44,24.0,1.79,48.0
336228,580091,23084,RABBIT NIGHT LIGHT,20,12/1/2011 14:37,2.08,17293.0,United Kingdom,48,12,41.6,18.0,2.08,48.0
73609,580096,23084,RABBIT NIGHT LIGHT,24,12/1/2011 14:55,1.79,13408.0,United Kingdom,48,12,42.96,20.0,2.08,48.0
216576,580098,23084,RABBIT NIGHT LIGHT,6,12/1/2011 15:05,2.08,15373.0,United Kingdom,48,12,12.48,24.0,1.79,48.0
340825,580110,23084,RABBIT NIGHT LIGHT,12,12/1/2011 15:47,2.08,17350.0,United Kingdom,48,12,24.96,6.0,2.08,48.0
534413,580115,23084,RABBIT NIGHT LIGHT,45,12/1/2011 16:22,4.13,,United Kingdom,48,12,185.85,12.0,2.08,48.0
15510,580120,23084,RABBIT NIGHT LIGHT,48,12/1/2011 16:38,1.79,12553.0,France,48,12,85.92,45.0,4.13,48.0
54115,580125,23084,RABBIT NIGHT LIGHT,24,12/1/2011 17:16,1.79,13089.0,United Kingdom,48,12,42.96,48.0,1.79,48.0
15998,580126,23084,RABBIT NIGHT LIGHT,96,12/1/2011 17:20,1.79,12562.0,France,48,12,171.84,24.0,1.79,48.0
346041,580130,23084,RABBIT NIGHT LIGHT,6,12/1/2011 18:07,2.08,17426.0,United Kingdom,48,12,12.48,96.0,1.79,48.0
236928,580132,23084,RABBIT NIGHT LIGHT,72,12/1/2011 18:16,1.79,15694.0,United Kingdom,48,12,128.88,6.0,2.08,48.0
353686,580137,23084,RABBIT NIGHT LIGHT,6,12/1/2011 19:54,2.08,17566.0,United Kingdom,48,12,12.48,72.0,1.79,48.0
353652,580137,23084,RABBIT NIGHT LIGHT,3,12/1/2011 19:54,2.08,17566.0,United Kingdom,48,12,6.24,6.0,2.08,48.0
534771,580146,23084,RABBIT NIGHT LIGHT,43,12/2/2011 10:07,4.96,,United Kingdom,48,12,213.28,3.0,2.08,48.0
35709,580153,23084,RABBIT NIGHT LIGHT,48,12/2/2011 10:23,1.79,12762.0,Portugal,48,12,85.92,43.0,4.96,48.0
179424,580156,23084,RABBIT NIGHT LIGHT,12,12/2/2011 10:32,2.08,14897.0,United Kingdom,48,12,24.96,48.0,1.79,48.0
26104,580160,23084,RABBIT NIGHT LIGHT,48,12/2/2011 10:47,1.79,12700.0,France,48,12,85.92,12.0,2.08,48.0
39717,580162,23084,RABBIT NIGHT LIGHT,10,12/2/2011 10:52,2.08,12856.0,United Kingdom,48,12,20.8,48.0,1.79,48.0
89933,580259,23084,RABBIT NIGHT LIGHT,12,12/2/2011 12:32,2.08,13705.0,United Kingdom,48,12,24.96,10.0,2.08,48.0
228663,580272,23084,RABBIT NIGHT LIGHT,2,12/2/2011 12:52,2.08,15547.0,United Kingdom,48,12,4.16,12.0,2.08,48.0
284276,580277,23084,RABBIT NIGHT LIGHT,24,12/2/2011 13:02,1.79,16474.0,United Kingdom,48,12,42.96,2.0,2.08,48.0
26330,580281,23084,RABBIT NIGHT LIGHT,48,12/2/2011 13:15,1.79,12704.0,Finland,48,12,85.92,24.0,1.79,48.0
45357,580305,23084,RABBIT NIGHT LIGHT,3,12/2/2011 14:26,2.08,12970.0,United Kingdom,48,12,6.24,48.0,1.79,48.0
45331,580305,23084,RABBIT NIGHT LIGHT,2,12/2/2011 14:26,2.08,12970.0,United Kingdom,48,12,4.16,3.0,2.08,48.0
45266,580305,23084,RABBIT NIGHT LIGHT,4,12/2/2011 14:26,2.08,12970.0,United Kingdom,48,12,8.32,2.0,2.08,48.0
45280,580305,23084,RABBIT NIGHT LIGHT,4,12/2/2011 14:26,2.08,12970.0,United Kingdom,48,12,8.32,4.0,2.08,48.0
128590,580308,23084,RABBIT NIGHT LIGHT,6,12/2/2011 14:30,2.08,14250.0,United Kingdom,48,12,12.48,4.0,2.08,48.0
44973,580351,23084,RABBIT NIGHT LIGHT,12,12/2/2011 15:55,2.08,12962.0,United Kingdom,48,12,24.96,6.0,2.08,48.0
333455,580358,23084,RABBIT NIGHT LIGHT,5,12/2/2011 16:07,2.08,17238.0,United Kingdom,48,12,10.4,12.0,2.08,48.0
333446,580358,23084,RABBIT NIGHT LIGHT,1,12/2/2011 16:07,2.08,17238.0,United Kingdom,48,12,2.08,5.0,2.08,48.0
534890,580366,23084,RABBIT NIGHT LIGHT,1,12/2/2011 16:38,2.08,,United Kingdom,48,12,2.08,1.0,2.08,48.0
535309,580367,23084,RABBIT NIGHT LIGHT,40,12/2/2011 16:39,4.13,,United Kingdom,48,12,165.2,1.0,2.08,48.0
168859,580405,23084,RABBIT NIGHT LIGHT,6,12/4/2011 12:02,2.08,14720.0,United Kingdom,48,12,12.48,40.0,4.13,48.0
272763,580419,23084,RABBIT NIGHT LIGHT,12,12/4/2011 12:08,2.08,16283.0,United Kingdom,48,12,24.96,6.0,2.08,48.0
316133,580502,23084,RABBIT NIGHT LIGHT,3,12/4/2011 13:15,2.08,16931.0,United Kingdom,48,12,6.24,12.0,2.08,48.0
388121,580504,23084,RABBIT NIGHT LIGHT,1,12/4/2011 13:32,2.08,17936.0,United Kingdom,48,12,2.08,3.0,2.08,48.0
388117,580504,23084,RABBIT NIGHT LIGHT,1,12/4/2011 13:32,2.08,17936.0,United Kingdom,48,12,2.08,1.0,2.08,48.0
249295,580505,23084,RABBIT NIGHT LIGHT,2,12/4/2011 13:32,2.08,15867.0,United Kingdom,48,12,4.16,1.0,2.08,48.0
69831,580506,23084,RABBIT NIGHT LIGHT,48,12/4/2011 13:34,1.79,13319.0,United Kingdom,48,12,85.92,2.0,2.08,48.0
312434,580514,23084,RABBIT NIGHT LIGHT,1,12/4/2011 14:01,2.08,16905.0,United Kingdom,48,12,2.08,48.0,1.79,48.0
535645,580519,23084,RABBIT NIGHT LIGHT,45,12/4/2011 14:51,4.96,,United Kingdom,48,12,223.2,1.0,2.08,48.0
80031,580520,23084,RABBIT NIGHT LIGHT,3,12/4/2011 14:55,2.08,13521.0,United Kingdom,48,12,6.24,45.0,4.96,48.0
55618,580532,23084,RABBIT NIGHT LIGHT,48,12/4/2011 15:54,1.79,13098.0,United Kingdom,48,12,85.92,3.0,2.08,48.0
28566,580534,23084,RABBIT NIGHT LIGHT,18,12/4/2011 16:02,2.08,12724.0,France,48,12,37.44,48.0,1.79,48.0
110585,580538,23084,RABBIT NIGHT LIGHT,48,12/5/2011 8:38,1.79,14075.0,United Kingdom,49,12,85.92,18.0,2.08,48.0
403389,580543,23084,RABBIT NIGHT LIGHT,24,12/5/2011 9:11,1.79,18223.0,United Kingdom,49,12,42.96,48.0,1.79,49.0
230796,580552,23084,RABBIT NIGHT LIGHT,24,12/5/2011 10:09,1.79,15572.0,United Kingdom,49,12,42.96,24.0,1.79,49.0
42942,580599,23084,RABBIT NIGHT LIGHT,6,12/5/2011 11:11,2.08,12925.0,United Kingdom,49,12,12.48,24.0,1.79,49.0
171421,580613,23084,RABBIT NIGHT LIGHT,6,12/5/2011 12:03,2.08,14759.0,United Kingdom,49,12,12.48,6.0,2.08,49.0
2367,580638,23084,RABBIT NIGHT LIGHT,12,12/5/2011 12:44,2.08,12381.0,Norway,49,12,24.96,6.0,2.08,49.0
312209,580644,23084,RABBIT NIGHT LIGHT,2,12/5/2011 13:10,2.08,16904.0,United Kingdom,49,12,4.16,12.0,2.08,49.0
111111,580647,23084,RABBIT NIGHT LIGHT,3,12/5/2011 13:14,2.08,14083.0,United Kingdom,49,12,6.24,2.0,2.08,49.0
365509,580653,23084,RABBIT NIGHT LIGHT,12,12/5/2011 13:34,2.08,17706.0,United Kingdom,49,12,24.96,3.0,2.08,49.0
331120,580661,23084,RABBIT NIGHT LIGHT,12,12/5/2011 13:52,2.08,17218.0,United Kingdom,49,12,24.96,12.0,2.08,49.0
387529,580672,23084,RABBIT NIGHT LIGHT,6,12/5/2011 14:29,2.08,17920.0,United Kingdom,49,12,12.48,12.0,2.08,49.0
54177,580673,23084,RABBIT NIGHT LIGHT,24,12/5/2011 14:30,1.79,13089.0,United Kingdom,49,12,42.96,6.0,2.08,49.0
228852,580688,23084,RABBIT NIGHT LIGHT,2,12/5/2011 15:38,2.08,15550.0,United Kingdom,49,12,4.16,24.0,1.79,49.0
63699,580695,23084,RABBIT NIGHT LIGHT,1,12/5/2011 16:03,2.08,13230.0,United Kingdom,49,12,2.08,2.0,2.08,49.0
103951,580722,23084,RABBIT NIGHT LIGHT,24,12/5/2011 17:06,1.79,13985.0,United Kingdom,49,12,42.96,1.0,2.08,49.0
117550,580727,23084,RABBIT NIGHT LIGHT,64,12/5/2011 17:17,4.13,14096.0,United Kingdom,49,12,264.32,24.0,1.79,49.0
536600,580729,23084,RABBIT NIGHT LIGHT,57,12/5/2011 17:24,4.13,,United Kingdom,49,12,235.41,64.0,4.13,49.0
537331,580730,23084,RABBIT NIGHT LIGHT,39,12/5/2011 17:28,4.13,,United Kingdom,49,12,161.07,57.0,4.13,49.0
10655,580752,23084,RABBIT NIGHT LIGHT,6,12/6/2011 9:56,2.08,12478.0,Greece,49,12,12.48,39.0,4.13,49.0
24808,580753,23084,RABBIT NIGHT LIGHT,24,12/6/2011 10:00,1.79,12682.0,France,49,12,42.96,6.0,2.08,49.0
537664,580754,23084,RABBIT NIGHT LIGHT,43,12/6/2011 10:05,4.96,,United Kingdom,49,12,213.28,24.0,1.79,49.0
385545,580822,23084,RABBIT NIGHT LIGHT,1,12/6/2011 11:33,2.08,17884.0,United Kingdom,49,12,2.08,43.0,4.96,49.0
139072,580831,23084,RABBIT NIGHT LIGHT,12,12/6/2011 11:39,2.08,14418.0,United Kingdom,49,12,24.96,1.0,2.08,49.0
386781,580865,23084,RABBIT NIGHT LIGHT,1,12/6/2011 11:58,2.08,17914.0,United Kingdom,49,12,2.08,12.0,2.08,49.0
118986,580880,23084,RABBIT NIGHT LIGHT,24,12/6/2011 12:19,1.79,14121.0,United Kingdom,49,12,42.96,1.0,2.08,49.0
250961,580884,23084,RABBIT NIGHT LIGHT,2,12/6/2011 12:21,2.08,15907.0,United Kingdom,49,12,4.16,24.0,1.79,49.0
251011,580884,23084,RABBIT NIGHT LIGHT,1,12/6/2011 12:21,2.08,15907.0,United Kingdom,49,12,2.08,2.0,2.08,49.0
334873,580958,23084,RABBIT NIGHT LIGHT,1,12/6/2011 14:30,2.08,17266.0,United Kingdom,49,12,2.08,1.0,2.08,49.0
334857,580958,23084,RABBIT NIGHT LIGHT,1,12/6/2011 14:30,2.08,17266.0,United Kingdom,49,12,2.08,1.0,2.08,49.0
334865,580958,23084,RABBIT NIGHT LIGHT,1,12/6/2011 14:30,2.08,17266.0,United Kingdom,49,12,2.08,1.0,2.08,49.0
164245,580959,23084,RABBIT NIGHT LIGHT,6,12/6/2011 14:31,2.08,14673.0,United Kingdom,49,12,12.48,1.0,2.08,49.0
178114,580963,23084,RABBIT NIGHT LIGHT,18,12/6/2011 14:49,2.08,14868.0,United Kingdom,49,12,37.44,6.0,2.08,49.0
51137,580978,23084,RABBIT NIGHT LIGHT,96,12/6/2011 15:36,1.79,13078.0,United Kingdom,49,12,171.84,18.0,2.08,49.0
384020,580982,23084,RABBIT NIGHT LIGHT,4,12/6/2011 16:21,2.08,17861.0,United Kingdom,49,12,8.32,96.0,1.79,49.0
538123,580983,23084,RABBIT NIGHT LIGHT,31,12/6/2011 16:26,4.13,,United Kingdom,49,12,128.03,4.0,2.08,49.0
17538,581001,23084,RABBIT NIGHT LIGHT,24,12/7/2011 8:07,1.79,12583.0,France,49,12,42.96,31.0,4.13,49.0
167395,581002,23084,RABBIT NIGHT LIGHT,24,12/7/2011 8:21,1.79,14708.0,United Kingdom,49,12,42.96,24.0,1.79,49.0
41820,581007,23084,RABBIT NIGHT LIGHT,48,12/7/2011 8:55,1.79,12912.0,United Kingdom,49,12,85.92,24.0,1.79,49.0
349492,581010,23084,RABBIT NIGHT LIGHT,24,12/7/2011 9:18,1.79,17503.0,United Kingdom,49,12,42.96,48.0,1.79,49.0
320406,581013,23084,RABBIT NIGHT LIGHT,48,12/7/2011 9:32,1.79,17017.0,United Kingdom,49,12,85.92,24.0,1.79,49.0
333496,581095,23084,RABBIT NIGHT LIGHT,5,12/7/2011 11:35,2.08,17238.0,United Kingdom,49,12,10.4,48.0,1.79,49.0
150122,581113,23084,RABBIT NIGHT LIGHT,1,12/7/2011 12:19,2.08,14534.0,United Kingdom,49,12,2.08,5.0,2.08,49.0
321247,581120,23084,RABBIT NIGHT LIGHT,6,12/7/2011 12:26,2.08,17042.0,United Kingdom,49,12,12.48,1.0,2.08,49.0
180115,581133,23084,RABBIT NIGHT LIGHT,6,12/7/2011 12:55,2.08,14904.0,United Kingdom,49,12,12.48,6.0,2.08,49.0
346726,581137,23084,RABBIT NIGHT LIGHT,12,12/7/2011 13:16,2.08,17434.0,United Kingdom,49,12,24.96,6.0,2.08,49.0
125937,581142,23084,RABBIT NIGHT LIGHT,1,12/7/2011 13:38,2.08,14204.0,United Kingdom,49,12,2.08,12.0,2.08,49.0
357332,581146,23084,RABBIT NIGHT LIGHT,24,12/7/2011 13:53,1.79,17602.0,United Kingdom,49,12,42.96,1.0,2.08,49.0
334892,581150,23084,RABBIT NIGHT LIGHT,2,12/7/2011 14:12,2.08,17266.0,United Kingdom,49,12,4.16,24.0,1.79,49.0
237470,581165,23084,RABBIT NIGHT LIGHT,6,12/7/2011 14:39,2.08,15701.0,United Kingdom,49,12,12.48,2.0,2.08,49.0
225810,581166,23084,RABBIT NIGHT LIGHT,1,12/7/2011 14:43,2.08,15525.0,United Kingdom,49,12,2.08,6.0,2.08,49.0
19401,581171,23084,RABBIT NIGHT LIGHT,24,12/7/2011 15:02,1.79,12615.0,France,49,12,42.96,1.0,2.08,49.0
161661,581175,23084,RABBIT NIGHT LIGHT,1440,12/7/2011 15:16,1.79,14646.0,Netherlands,49,12,2577.6,24.0,1.79,49.0
106509,581177,23084,RABBIT NIGHT LIGHT,72,12/7/2011 15:23,1.79,14032.0,United Kingdom,49,12,128.88,1440.0,1.79,49.0
8991,581179,23084,RABBIT NIGHT LIGHT,24,12/7/2011 15:43,1.79,12471.0,Germany,49,12,42.96,72.0,1.79,49.0
178,581180,23084,RABBIT NIGHT LIGHT,24,12/7/2011 15:52,1.79,12347.0,Iceland,49,12,42.96,24.0,1.79,49.0
538539,581197,23084,RABBIT NIGHT LIGHT,3,12/7/2011 17:56,2.08,,United Kingdom,49,12,6.24,24.0,1.79,49.0
538964,581217,23084,RABBIT NIGHT LIGHT,40,12/8/2011 9:20,4.13,,United Kingdom,49,12,165.2,3.0,2.08,49.0
539376,581219,23084,RABBIT NIGHT LIGHT,33,12/8/2011 9:28,4.13,,United Kingdom,49,12,136.29,40.0,4.13,49.0
363523,581225,23084,RABBIT NIGHT LIGHT,24,12/8/2011 9:55,1.79,17677.0,United Kingdom,49,12,42.96,33.0,4.13,49.0
540234,581256,23084,RABBIT NIGHT LIGHT,74,12/8/2011 11:21,4.96,,United Kingdom,49,12,367.04,24.0,1.79,49.0
282166,581310,23084,RABBIT NIGHT LIGHT,1,12/8/2011 11:43,2.08,16442.0,United Kingdom,49,12,2.08,74.0,4.96,49.0
205337,581327,23084,RABBIT NIGHT LIGHT,48,12/8/2011 11:56,1.79,15187.0,United Kingdom,49,12,85.92,1.0,2.08,49.0
337422,581345,23084,RABBIT NIGHT LIGHT,1,12/8/2011 12:15,2.08,17315.0,United Kingdom,49,12,2.08,48.0,1.79,49.0
162253,581402,23084,RABBIT NIGHT LIGHT,3,12/8/2011 13:45,2.08,14653.0,United Kingdom,49,12,6.24,1.0,2.08,49.0
80104,581405,23084,RABBIT NIGHT LIGHT,8,12/8/2011 13:50,2.08,13521.0,United Kingdom,49,12,16.64,3.0,2.08,49.0
55642,581410,23084,RABBIT NIGHT LIGHT,168,12/8/2011 14:14,1.79,13098.0,United Kingdom,49,12,300.72,8.0,2.08,49.0
307849,581413,23084,RABBIT NIGHT LIGHT,10,12/8/2011 14:39,2.08,16833.0,United Kingdom,49,12,20.8,168.0,1.79,49.0
67685,581415,23084,RABBIT NIGHT LIGHT,72,12/8/2011 14:53,1.79,13269.0,United Kingdom,49,12,128.88,10.0,2.08,49.0
84711,581434,23084,RABBIT NIGHT LIGHT,12,12/8/2011 16:10,2.08,13599.0,United Kingdom,49,12,24.96,72.0,1.79,49.0
540823,581439,23084,RABBIT NIGHT LIGHT,32,12/8/2011 16:30,4.13,,United Kingdom,49,12,132.16,12.0,2.08,49.0
69328,581461,23084,RABBIT NIGHT LIGHT,48,12/8/2011 18:51,1.79,13318.0,United Kingdom,49,12,85.92,32.0,4.13,49.0
541540,581492,23084,RABBIT NIGHT LIGHT,57,12/9/2011 10:03,4.13,,United Kingdom,49,12,235.41,48.0,1.79,49.0
13106,581494,23084,RABBIT NIGHT LIGHT,24,12/9/2011 10:13,1.79,12518.0,Germany,49,12,42.96,57.0,4.13,49.0
289133,581496,23084,RABBIT NIGHT LIGHT,18,12/9/2011 10:20,2.08,16558.0,United Kingdom,49,12,37.44,24.0,1.79,49.0
541672,581497,23084,RABBIT NIGHT LIGHT,37,12/9/2011 10:23,4.96,,United Kingdom,49,12,183.52,18.0,2.08,49.0
140979,581538,23084,RABBIT NIGHT LIGHT,2,12/9/2011 11:34,2.08,14446.0,United Kingdom,49,12,4.16,37.0,4.96,49.0
355244,581579,23084,RABBIT NIGHT LIGHT,24,12/9/2011 12:19,1.79,17581.0,United Kingdom,49,12,42.96,2.0,2.08,49.0
244013,581585,23084,RABBIT NIGHT LIGHT,12,12/9/2011 12:31,2.08,15804.0,United Kingdom,49,12,24.96,24.0,1.79,49.0
84534,C555265,23084,RABBIT NIGHT LIGHT,-1,6/1/2011 16:06,2.08,13599.0,United Kingdom,22,6,-2.08,12.0,2.08,49.0
205445,C555864,23084,RABBIT NIGHT LIGHT,-5,6/7/2011 14:29,2.08,15189.0,United Kingdom,23,6,-10.4,-1.0,2.08,22.0
84535,C556096,23084,RABBIT NIGHT LIGHT,-1,6/8/2011 15:29,2.08,13599.0,United Kingdom,23,6,-2.08,-5.0,2.08,23.0
266344,C557175,23084,RABBIT NIGHT LIGHT,-1,6/17/2011 11:13,2.08,16170.0,United Kingdom,24,6,-2.08,-1.0,2.08,23.0
367080,C558110,23084,RABBIT NIGHT LIGHT,-12,6/26/2011 15:47,2.08,17731.0,United Kingdom,25,6,-24.96,-1.0,2.08,24.0
232698,C569940,23084,RABBIT NIGHT LIGHT,-4,10/6/2011 18:00,1.79,15611.0,United Kingdom,40,10,-7.16,-12.0,2.08,25.0
225624,C574259,23084,RABBIT NIGHT LIGHT,-45,11/3/2011 13:52,1.79,15521.0,United Kingdom,44,11,-80.55,-4.0,1.79,40.0
244664,C574473,23084,RABBIT NIGHT LIGHT,-6,11/4/2011 12:05,2.08,15809.0,United Kingdom,44,11,-12.48,-45.0,1.79,44.0
387775,C574957,23084,RABBIT NIGHT LIGHT,-5,11/8/2011 9:57,2.08,17924.0,United Kingdom,45,11,-10.4,-6.0,2.08,44.0
75233,C576241,23084,RABBIT NIGHT LIGHT,-2,11/14/2011 13:35,2.08,13447.0,United Kingdom,46,11,-4.16,-5.0,2.08,45.0
236623,C577737,23084,RABBIT NIGHT LIGHT,-12,11/21/2011 13:25,2.08,15681.0,United Kingdom,47,11,-24.96,-2.0,2.08,46.0
15508,C579562,23084,RABBIT NIGHT LIGHT,-1,11/30/2011 11:39,2.08,12553.0,France,48,11,-2.08,-12.0,2.08,47.0
361566,C580741,23084,RABBIT NIGHT LIGHT,-2,12/6/2011 9:29,2.08,17659.0,United Kingdom,49,12,-4.16,-1.0,2.08,48.0
35008,C580832,23084,RABBIT NIGHT LIGHT,-7,12/6/2011 11:40,1.79,12753.0,Japan,49,12,-12.530000000000001,-2.0,2.08,49.0
387780,C581470,23084,RABBIT NIGHT LIGHT,-4,12/8/2011 19:28,2.08,17924.0,United Kingdom,49,12,-8.32,-7.0,1.79,49.0
